3810 6120
129 242 182 300 323

774 217 950 276 sltnltscbl
970 214 1114 270 ,tiburtis

1707 212 1761 272 διδ

129 357 186 426 ipse
198 351 315 406 loannes
329 361 375 402 eos
391 359 459 416 quos
474 343 501 397 in
529 340 581 396 lude
598 349 625 395 et
641 338 789 393 innomine
815 333 916 389 Christi
931 336 955 392 ll
970 333 1032 385 tutis
1044 332 1147 394 oeulos,
1165 329 1263 400 quibus
1283 327 1576 400 solummodoSpiritus
1596 339 1707 388 sanetus
1719 334 1763 391 vi-

130 444 193 498 lieet
202 440 310 496 venturi
324 436 518 507 baptizaverat,
535 433 631 486 iterum
645 426 822 498 baptizandos
838 439 919 480 esse,

129 531 315 604 predicaverit
326 529 438 583 dicens:
457 525 514 596 Epo
541 524 643 595 baptizo
657 539 701 576 uos
723 538 802 592 nguu,
813 519 857 574 ille
872 519 919 574 lra-

129 624 235 694 ptizubit
247 639 290 675 uos
304 621 330 673 iu
342 617 443 687 Spiritu
457 624 556 669 sancto.

166 711 264 765 l‘erunr
288 706 389 778 judicia
407 705 513 760 Domini
528 703 640 774 abyssus
653 701 746 758 multa.
765 703 835 757 Eece
856 702 920 757 Asia

131 816 215 870 nuper
226 796 408 868 apostolorum
433 809 482 848 nee
497 794 652 848 visitatione
666 794 746 864 digna
761 834 769 856 ,
795 808 866 847 nunc
893 800 922 847 et

129 889 275 960 apostolico
299 889 406 943 sa'crato
420 899 533 939 numero
544 893 571 938 et
583 880 732 955 prophetali
745 891 786 937 est
809 895 921 936 monere

130 981 282 1046 sublimata,
293 988 320 1033 et
331 977 477 1033 notandum
487 977 557 1047 quod
566 976 799 1046 Spiritussanctus
810 971 887 1030 ethic
895 973 921 1028 in

130 1071 270 1126 duodecim
287 1067 433 1138 discipulos
443 1077 470 1122 et
489 1082 569 1138 snpra
585 1068 611 1121 in
625 1076 735 1122 eentum
762 1073 789 1120 et
804 1066 919 1137 viginti,

129 1161 174 1230 qni
190 1169 231 1214 est
242 1159 421 1213 duodenarius
432 1172 560 1211 numerus
572 1156 662 1212 decies
682 1158 778 1212 duetus
789 1157 921 1210 adventus

131 1250 172 1304 sui
185 1243 264 1318 signa'
275 1248 479 1311 monstraverit,
497 1247 561 1301 illud
587 1247 613 1300 in
626 1243 804 1311 Hierusalem,
819 1247 871 1300 hoc
895 1245 920 1298 in

130 1342 245 1411 Epheso,
260 1356 320 1409 (pne
332 1347 373 1393 est
383 1340 479 1392 civitas
490 1337 666 1399 Grmcornm,
688 1340 769 1392 credo
783 1346 813 1390 ut
831 1344 922 1391 osten·

130 1431 206 1484 deret
223 1445 262 1494 se,
275 1430 331 1484 sire
343 1430 377 1483 do
392 1427 492 1481 ludaeis
511 1441 558 1481 scu
582 1424 707 1496 gentibus
723 1427 815 1481 credat
844 1426 921 1495 quis,

130 1535 178 1574 eos
192 1520 385 1580 tanurmmolo,
403 1518 448 1587 qui
468 1516 565 1571 unitati
584 1517 711 1571 Ecclesia
734 1516 922 1571 catholicoeat-

131 1626 184 1680 qne
199 1610 351 1680 apostolice
364 1607 574 1672 communicent,
590 1606 710 1677 implere.

309 1710 475 1749 srnnosnruu
490 1709 606 1761 normis,
620 1712 678 1751 cnr.
695 1712 749 1750 ιιι.

170 1812 179 1842 r
197 1793 225 1846 Si
239 1791 350 1861 diligitis
374 1806 426 1852 rue,
450 1792 575 1845 mandata
600 1805 661 1844 mea
683 1797 799 1843 servate.
819 1787 853 1841 Et
873 1802 922 1858 ego

134 1899 142 1929 r
164 1882 263 1951 rogabo
276 1878 392 1944 Patrem,
409 1888 436 1934 et
457 1881 540 1933 alium
556 1879 726 1935 Paracletum
748 1879 823 1932 dabit
836 1879 922 1942 vobis,

134 1990 142 2018 ι
161 1979 190 2023 ιιι
212 1977 321 2025 maneat
343 1969 481 2024 vobiscum
503 1970 530 2024 in
544 1978 684 2034 aeternum,
707 1969 830 2039 spiritum
849 1969 924 2024 veri⁴

133 2082 142 2112 r
162 2063 235 2125 tatis,
251 2076 331 2132 quem
349 2061 464 2115 mundus
479 2078 531 2115 uon
545 2067 634 2131 potest
646 2061 781 2130 accipere,
795 2061 923 2129 quianon

135 2152 229 2206 «vidit
251 2167 328 2215 cum,
347 2165 397 2207 uec
418 2153 470 2206 scit
485 2168 557 2207 erim.
576 2151 630 2207 l'os
651 2159 741 2206 autern
756 2141 924 2221 cognoscetis

134 2263 142 2293 r
162 2258 234 2307 ertrn,
249 2242 312 2310 quia
325 2242 395 2312 apud
410 2257 458 2297 vos
472 2241 600 2303 manebit,
616 2251 644 2296 et
654 2242 680 2294 in
694 2241 772 2295 vobis
785 2241 848 2295 erit.
864 2241 923 2295 Non

134 2353 142 2383 r
164 2333 312 2402 relinquam
327 2347 375 2386 vos
396 2332 541 2402 orphanos,
566 2331 673 2386 renium
695 2332 805 2386 advos.
829 2329 924 2386 Adhuc

134 2443 143 2473 r
163 2423 309 2488 rnodicuru,
320 2431 347 2477 et
359 2423 474 2476 nnrudns
485 2421 541 2492 jam
554 2437 659 2475 menon
670 2420 752 2475 videt.
769 2420 823 2476 l'os
834 2428 924 2475 autem

136 2533 144 2563 r
164 2514 261 2568 ridetis
280 2530 332 2578 me,
350 2513 412 2583 qnia
427 2529 477 2584 ego
501 2513 570 2577 viro,
589 2523 615 2567 et
631 2528 678 2567 ros
699 2512 805 2567 vivetis.
830 2512 860 2566 ln
881 2512 924 2566 illo

135 2622 143 2652 ι
162 2605 205 2660 dic
225 2621 271 2659 ros
285 2606 465 2676 cognoscetis,
482 2605 545 2674 quia
560 2619 610 2674 ego
625 2605 651 2657 in
664 2603 742 2657 Patre
764 2612 864 2657 meoet
877 2618 924 2657 vus

136 2712 144 2744 ι
163 2695 188 2748 ιιι
203 2710 254 2758 mc,
269 2704 297 2750 et
308 2710 357 2765 ego
373 2696 400 2749 in
414 2695 498 2750 robis.
515 2693 565 2760 Qui
585 2693 666 2748 habet
680 2693 806 2747 rnandata
824 2707 883 2747 mea
897 2705 924 2748 et

136 2802 144 2832 r
163 2779 306 2848 servatea,
323 2785 367 2838 ille
384 2794 436 2845 cst,
451 2784 497 2854 qui
518 2783 605 2852 diligit
620 2797 672 2837 rue.
693 2780 744 2848 Qui
758 2768 849 2836 autent
862 2783 922 2837 dili-

135 2894 144 2925 ι
161 2876 198 2946 git
214 2891 266 2941 mc,
283 2877 409 2946 diligetur
423 2872 526 2929 aPntre
541 2889 610 2928 meo.
625 2873 657 2927 Et
671 2889 720 2943 ego
738 2872 848 2944 diligam
862 2888 923 2928 eum

135 2984 144 3013 ι
163 2975 190 3018 et
205 2964 384 3020 rnmriiestabo
394 2965 417 3018 ei
431 2980 474 3018 me
488 2964 599 3034 ipsum.»

973 424 1029 477 deri
1045 431 1145 493 potest,
1155 433 1182 475 et
1197 422 1261 476 sciri
1272 431 1300 475 et
1314 422 1423 476 sciendo
1436 421 1557 493 intelligi.

1013 513 1063 568 Vos
1077 523 1163 567 utitem
1178 513 1336 582 cognoscetis
1347 529 1417 577 earm,
1431 513 1494 582 puio
1509 508 1579 583 opud
1592 515 1765 571 ammonebit

973 616 996 658 et
1010 606 1037 658 in
1048 605 1118 658 uobis
1129 605 1188 659 erit.
1212 604 1270 657 Erit
1289 612 1319 656 ιιι
1333 615 1440 658 maneat
1458 603 1486 656 iu
1507 611 1649 659 eternum.
1672 603 1766 662 Domi·

973 715 1037 752 nrrrn
1052 706 1168 767 namque
1186 696 1347 752 salvatorem
1360 705 1387 749 et
1400 695 1521 751 infideles
1531 704 1594 751 aute
1608 696 1765 768 passionem

973 790 999 842 in
1015 802 1097 842 carne
1108 788 1243 852 viderunt,
1260 789 1306 842 sed
1321 786 1530 856 quiaFiliusbei
1542 797 1624 852 esset,
1639 790 1704 860 quia
1717 789 1767 848 Pa-

973 880 1120 934 rarletusa
1140 878 1255 933 Domino
1275 877 1375 932 missus
1389 877 1417 930 in
1431 877 1571 944 mundum,
1587 892 1641 934 nou
1658 880 1712 936 nisi
1732 883 1765 938 tt·

973 970 1045 1024 deles
1058 969 1129 1024 seire
1140 977 1295 1038 potuerunt.
1317 963 1448 1036 Spiritum
1468 976 1559 1023 autem
1580 979 1705 1026 sanetum
1716 987 1765 1029 ne-

972 1078 1025 1131 que
1044 1060 1129 1116 oeulis
1150 1061 1242 1115 videre
1262 1059 1393 1126 infideles,
1418 1076 1506 1131 neque
1527 1063 1618 1118 animo
1639 1064 1767 1122 valebant

973 1166 1147 1224 cognoscere,
1162 1150 1224 1220 quia
1244 1166 1297 1205 non
1312 1150 1422 1206 indutos
1443 1152 1611 1209 humanitate
1625 1154 1766 1227 discipulis

973 1245 1106 1315 apparuit,
1123 1246 1170 1299 sed
1186 1244 1221 1298 ita
1233 1243 1265 1297 ad
1281 1258 1327 1298 eos
1342 1245 1446 1311 venire,
1467 1245 1504 1299 ita
1519 1245 1589 1317 apud
1608 1262 1657 1303 eos
1670 1247 1768 1305 maluit

973 1350 1092 1397 manere,
1108 1344 1138 1388 ut
1151 1335 1177 1388 in
1192 1335 1311 1404 ipsorum
1324 1335 1451 1390 cordibus
1465 1337 1646 1407 gratissimam
1659 1339 1712 1394 sibi
1726 1355 1767 1397 se·

973 1426 1034 1479 dem
1045 1434 1225 1480 consecraret.
1244 1424 1300 1480 lloc
1310 1435 1351 1480 est
1364 1425 1436 1480 enim
1449 1426 1522 1496 qtrod
1535 1427 1591 1481 ait:
1613 1426 1664 1483 Vos
1679 1439 1767 1487 nutem

973 1515 1133 1586 cognoscetis
1147 1532 1217 1581 eum,
1232 1516 1293 1586 quio
1316 1515 1387 1586 opud
1403 1532 1447 1570 uos
1471 1517 1598 1583 monebit,
1613 1528 1638 1572 et
1651 1518 1682 1572 im
1694 1519 1767 1587 uobis

973 1609 1031 1661 erit.
1047 1606 1098 1674 Qtri
1111 1613 1202 1661 autem
1225 1605 1396 1661 invisibiliter
1407 1605 1436 1660 in
1458 1607 1509 1661 hae
1521 1607 1574 1660 vita
1594 1615 1688 1664 manet
1705 1624 1768 1665 cum

937 1709 961 1767 Β
974 1695 1078 1758 electis,
1094 1676 1235 1749 visibiliter
1248 1694 1344 1776 utique¹
1355 1694 1394 1749 eis
1408 1693 1524 1764 gratiam
1534 1707 1589 1749 strae
1604 1695 1769 1768 cognitionis

972 1791 1092 1844 ellriiet.

1011 1879 1072 1932 Non
1089 1877 1233 1949 relinquam
1246 1894 1290 1932 uos
1310 1877 1451 1947 orphanos,
1477 1877 1577 1931 ternum
1594 1877 1629 1930 od
1648 1892 1704 1933 uos.
1725 1874 1771 1934 Vi·

973 1970 1085 2026 debatur
1100 1968 1264 2033 inlrdclibus,
1279 1968 1342 2039 quia
1356 1968 1475 2022 moriens
1486 1966 1514 2020 in
1527 1979 1617 2032 emec,
1632 1974 1663 2021 ιιι
1676 1963 1771 2022 Domi·

973 2076 1024 2114 nus
1041 2056 1187 2128 discipulos
1210 2058 1374 2127 relinqueret
1396 2057 1541 2126 orphanos,
1565 2055 1612 2110 sed
1633 2069 1689 2111 non
1707 2055 1771 2111 rell·

973 2151 1031 2221 (parit
1055 2151 1202 2219 orphanos,
1230 2149 1328 2220 quibus
1348 2157 1376 2202 ct
1394 2147 1507 2218 praebuit
1529 2148 1648 2216 seipsum
1677 2147 1770 2204 virum

973 2251 1033 2312 post
1044 2242 1196 2313 passionem
1210 2255 1286 2296 snam
1302 2239 1328 2294 in
1351 2239 1445 2294 multis
1459 2239 1627 2310 argumentis
1647 2238 1771 2310 perdius

973 2332 1162 2404 quandraginta,
1175 2338 1203 2384 et
1224 2338 1285 2401 post
1304 2330 1361 2386 dies
1379 2328 1473 2385 decem
1493 2329 1689 2399 assumptionis
1702 2342 1769 2395 sum,

966 2423 1085 2491 spiritus
1102 2421 1188 2476 saneti
1205 2421 1256 2474 illis
1271 2423 1303 2475 dc
1324 2418 1393 2476 eoelo
1412 2419 1561 2474 chrismata
1582 2417 1701 2482 donavit,
1722 2416 1770 2473 obi

974 2513 1062 2580 ipsum
1078 2510 1215 2567 Christum
1229 2512 1262 2565 ad
1278 2527 1324 2565 eos
1336 2510 1454 2571 venisse,
1471 2509 1562 2565 nullus
1583 2508 1707 2582 ambigit,
1722 2510 1770 2581 otti

974 2599 1181 2671 inseparabilem
1202 2608 1301 2655 sanetae
1312 2597 1454 2667 Trinitatis
1473 2607 1598 2654 naturam
1617 2598 1720 2655 virtute
1742 2607 1772 2655 et

973 2696 1129 2766 operatione
1143 2709 1202 2749 esse
1213 2695 1347 2763 cognorit.

1009 2785 1101 2840 Adhuc
1123 2784 1264 2849 modicum,
1286 2793 1311 2837 et
1331 2783 1444 2837 rutundus
1459 2798 1501 2837 me
1517 2783 1577 2852 jam
1590 2796 1643 2836 ιιοιι
1659 2780 1769 2838 uidebit.

975 2873 1109 2929 llodieum
1129 2882 1287 2943 eretusque
1310 2872 1341 2926 ad
1365 2881 1470 2942 tempus
1488 2870 1601 2940 expiem
1621 2870 1769 2942 passionis,

974 2980 1007 3019 ex
1037 2981 1090 3034 qno
1116 2963 1191 3019 illum
1219 2960 1327 3034 reprobi
1355 2963 1447 3017 videre
1477 2977 1531 3016 non
1550 2960 1690 3027 valebant;
1718 2960 1770 3018 soli

168 3053 197 3108 Si
219 3054 327 3124 diligitis
343 3072 393 3119 rire,
415 3053 540 3106 rrronrtoto
564 3070 621 3106 oreo
644 3064 753 3106 serente.
776 3052 846 3121 Quid
869 3063 921 3119 est,
937 3045 958 3104 C
974 3053 1075 3108 etenim
1087 3051 1161 3120 justi,
1181 3052 1228 3121 qui
1249 3061 1337 3107 morto
1360 3051 1431 3106 illius
1444 3059 1522 3106 erant
1539 3051 1773 3127 eomristaugau·

132 3147 203 3214 qnod
216 3146 291 3209 dicit,
315 3145 385 3215 qnod
409 3143 582 3215 diligentibus
600 3142 684 3196 Deum
707 3151 733 3197 et
754 3143 924 3199 servantibus

133 3238 257 3290 inundata
270 3235 461 3306 rjns,Spiritus
474 3234 625 3304 paracletus
640 3235 761 3298 daretur,
773 3235 836 3289 dum
853 3235 923 3290 Deus

134 3325 217 3396 diligi,
233 3333 260 3378 et
276 3330 400 3378 mandata
411 3322 469 3392 rjus
484 3323 584 3378 servari
604 3338 657 3375 non
672 3331 795 3392 possunt,
810 3324 861 3378 nisi
875 3340 924 3394 per·

128 3415 258 3484 Spiritum
278 3415 422 3469 sarnetum?
439 3411 503 3483 qnid
523 3421 564 3466 est
579 3411 660 3475 alind,
681 3412 743 3476 nisi,
767 3421 796 3467 ut
815 3413 860 3482 qni
876 3427 924 3482 per

127 3507 256 3577 Spiritum
277 3515 399 3561 sanctum
419 3504 506 3576 diligit
521 3504 613 3566 Deum,
636 3513 758 3558 merctur
777 3503 922 3574 diligende,

135 3606 165 3649 nt
182 3596 241 3667 plus
255 3597 360 3657 habeat,
376 3603 403 3650 ct
422 3595 480 3664 plus
490 3593 623 3659 habendo,
642 3594 701 3663 plus
715 3594 829 3666 diligat?
841 3594 923 3649 Para-

134 3689 219 3743 cletus
239 3688 391 3743 consolator
408 3688 611 3755 interpretatur,
634 3694 662 3739 et
680 3686 791 3754 spiritus
814 3697 923 3741 sanctus

135 3788 207 3834 recte
224 3779 379 3832 Paracletus
400 3786 522 3841 vocatur,
550 3777 612 3846 qnia
636 3779 717 3832 eorda
741 3777 869 3842 fidelium,
889 3794 923 3832 ue

135 3873 205 3927 inter
224 3872 302 3941 lnrjns
322 3872 411 3926 smerdi
429 3871 541 3925 adversa
564 3869 701 3934 deliciunt,
726 3869 844 3925 eoelestis
862 3871 923 3925 vitae

135 3966 274 4021 desideriis
286 3963 418 4027 subierat,
434 3978 465 4018 ac
478 3962 574 4018 rchcit.

170 4055 203 4109 h't
218 4073 263 4127 ego
276 4055 371 4126 rogabo
392 4053 508 4119 Putrem,
530 4063 555 4107 et
573 4052 655 4108 ulium
669 4051 837 4107 Paracletum
851 4055 923 4109 dohit

134 4152 212 4203 nolis.
226 4149 375 4204 Ostendens
388 4147 505 4217 seipsum
515 4161 576 4202 csse
588 4145 767 4201 Paracletum.
783 4145 924 4201 llabebant

133 4254 222 4298 aruern
244 4252 270 4298 ct
292 4243 365 4313 prius
385 4241 564 4308 Paracletum,
587 4241 674 4311 ipsum
690 4240 814 4296 videlicet
832 4240 923 4296 Domi·

135 4351 197 4387 num
219 4350 308 4388 secum
332 4334 359 4387 iu
383 4348 463 4388 carne
485 4342 706 4392 commorantem,
722 4348 783 4387 cum
798 4343 825 4387 ct
839 4333 921 4386 nnita-

974 3142 1048 3196 dirrm
1062 3143 1269 3197 resurrectionis
1281 3141 1339 3210 ejus
1352 3143 1444 3198 videre
1458 3149 1624 3197 meruerunt.

1015 3233 1065 3288 l'os
1078 3245 1164 3288 uutem
1177 3235 1270 3288 uidetis
1284 3252 1334 3300 mc,
1349 3237 1411 3306 orric
1425 3252 1471 3305 ego
1484 3236 1550 3299 uiuo,
1564 3243 1589 3288 et
1603 3251 1648 3289 eos
1667 3234 1770 3290 oioetia.

974 3326 1044 3394 Quid
1058 3335 1111 3391 est,
1122 3327 1185 3396 quia
1196 3343 1245 3398 ego
1260 3328 1333 3392 viro,
1346 3337 1372 3382 et
1383 3343 1431 3382 vos
1445 3327 1562 3383 viretis?
1576 3326 1632 3383 Cur
1645 3327 1679 3382 de
1691 3341 1770 3397 prae·

974 3417 1043 3473 senti
1058 3433 1087 3473 se
1108 3418 1176 3471 dixit
1198 3419 1298 3482 rivere,
1315 3417 1375 3471 illos
1388 3426 1477 3471 antem
1498 3415 1635 3472 delutum
1655 3431 1717 3472 esse
1730 3417 1773 3472 vi-

975 3518 1077 3573 cturos,
1091 3508 1143 3563 nisi
1156 3509 1240 3563 vitam
1257 3509 1338 3562 etiam
1359 3509 1449 3562 carnis
1473 3507 1565 3577 utique
1588 3505 1771 3578 resurgentis,

974 3600 1062 3670 qualis
1078 3600 1104 3654 in
1129 3600 1186 3668 ipso
1209 3600 1387 3669 praecedebat,
1402 3607 1429 3653 et
1449 3598 1502 3653 illis
1519 3606 1560 3653 ost
1576 3598 1713 3668 pollicitus
1727 3613 1772 3655 se·

974 3701 1107 3756 cuturam,
1122 3699 1148 3745 et
1166 3690 1228 3760 qnia
1250 3690 1334 3760 ipsius
1347 3705 1408 3744 mox
1424 3687 1512 3743 sartura
1536 3686 1624 3742 iuerat
1646 3702 1771 3745 resurre-

975 3782 1038 3847 etio,
1053 3783 1193 3853 praesentis
1207 3782 1296 3851 posuit
1311 3780 1440 3850 temporis
1459 3780 1581 3844 verbum,
1602 3787 1715 3851 propter
1729 3781 1770 3838 si-

974 3871 1152 3939 gnificandam
1188 3871 1370 3936 celeritatem,
1389 3870 1495 3925 illorum
1516 3877 1619 3935 autem,
1638 3870 1770 3940 quoniam

975 3962 1000 4014 in
1015 3961 1105 4015 saecrdi
1118 3960 1242 4015 dillertur
1256 3961 1346 4025 linem,
1359 3976 1410 4015 non
1424 3961 1471 4025 ait,
1482 3961 1582 4025 vivitis,
1603 3961 1652 4015 sed
1666 3962 1767 4016 uiuetia.

975 4053 1046 4108 huus
1067 4069 1131 4125 ergo
1149 4055 1361 4108 resurrectiones
1384 4070 1461 4108 snam
1485 4054 1590 4110 seilicet
1608 4069 1671 4109 mox
1696 4051 1770 4110 iutu-

974 4161 1042 4210 ram,
1062 4155 1089 4200 et
1109 4155 1229 4200 nostram
1252 4145 1279 4199 in
1299 4145 1389 4199 sacnti
1409 4144 1461 4199 dne
1483 4153 1639 4201 secuturam
1660 4145 1769 4201 dnobus

974 4239 1064 4294 verbis
1081 4238 1222 4310 praesentis
1242 4239 1370 4307 temporis
1392 4247 1420 4292 et
1441 4236 1524 4292 loturi
1544 4237 1683 4309 eleganter
1702 4236 1768 4293 bre·

974 4335 1095 4403 viterque
1108 4332 1242 4401 promisit.

133 4424 254 4478 culorum
269 4423 407 4477 dulcedine
428 4431 456 4475 et
472 4438 522 4492 ope
535 4420 746 4492 praedicationis,
763 4436 796 4475 ue
810 4394 959 4491 proptch
1007 4430 1041 4485 1η
1055 4429 1099 4484 illo
1114 4429 1157 4484 dle
1171 4446 1213 4482 nos
1228 4431 1397 4498 cognoscetis,
1413 4430 1475 4499 quio
1487 4445 1534 4499 ego
1548 4428 1577 4482 iu
1594 4423 1677 4482 Patre
1697 4445 1766 4494 meo,

135 4514 279 4567 infidelium
293 4514 508 4583 persecutionem
528 4511 707 4566 scandalizari
721 4511 835 4581 possint,
851 4511 920 4583 erigi
970 4530 995 4575 et
1010 4537 1053 4574 μοι
1070 4522 1098 4574 in
1113 4536 1163 4578 nie,
1180 4528 1232 4572 nie.
1256 4518 1283 4571 ln
1297 4533 1350 4587 qno
1363 4518 1415 4583 die,
1432 4519 1483 4573 nisi
1499 4519 1531 4574 de
1545 4533 1599 4588 qrto
1612 4518 1660 4584 ait,
1679 4528 1705 4573 et
1722 4537 1765 4575 uos

133 4614 161 4658 et
173 4603 320 4658 confortari
333 4602 473 4658 solebant:
493 4602 600 4671 Rogabo
612 4601 689 4665 dixit,
703 4611 814 4671 propter
827 4603 921 4658 huma·
971 4611 1084 4665 pinetis?
1110 4608 1247 4663 lini-erant
1261 4608 1387 4677 apostoli,
1411 4617 1475 4662 tnnc
1493 4622 1555 4662 esse
1576 4606 1716 4662 Christum
1737 4609 1765 4664 in

134 4693 254 4753 nitatem,
272 4693 316 4763 qui
332 4693 377 4747 dat
390 4685 539 4746 eomPutre
552 4705 601 4760 per
614 4690 794 4746 divinitatem.

170 4783 202 4837 b't
223 4795 324 4839 intonent
335 4784 462 4839 uobiscrtm
475 4783 502 4835 iu
513 4791 648 4835 ueternum.
663 4781 692 4835 ln
701 4793 833 4838 aeternnm
844 4800 919 4840 naru-

133 4890 185 4945 rpre
200 4884 289 4928 trranet
304 4890 363 4929 enm
385 4872 494 4938 sanetis,
511 4886 579 4940 quos
598 4872 665 4926 etin
679 4872 798 4928 hacvita
813 4889 920 4945 semper

134 4965 302 5021 invisibiliter
315 4966 386 5021 intus
402 4965 528 5029 illustrat,
547 4970 575 5018 et
591 4963 617 5016 in
637 4962 727 5018 loturo
742 4965 775 5019 ad
795 4975 917 5021 contem-

134 5058 259 5128 plandum
283 5065 411 5127 perpetuo
438 5056 555 5125 speciem
582 5070 638 5110 suar
662 5057 811 5126 majestatis
834 5059 919 5114 intro-

132 5148 216 5202 ducit.

169 5241 296 5311 Spiritum
316 5241 441 5305 ueritatis,
465 5255 541 5311 quem
561 5239 603 5293 hic
626 5239 739 5294 muudus
761 5256 812 5295 ιιοιι
835 5252 918 5312 potest

133 5333 259 5400 occipere,
273 5330 333 5401 quio
348 5348 397 5384 ιιοιι
418 5320 479 5384 uiuit
500 5346 569 5394 errm,
586 5331 691 5383 necarit
705 5347 774 5384 eum.
791 5331 919 5389 blondum

132 5432 220 5475 nrrtern
235 5420 348 5490 appellat
371 5421 493 5474 homines
513 5420 603 5472 nnnrli
626 5419 704 5488 hrrjns
725 5422 810 5477 amori
830 5425 916 5479 datos.

134 5512 246 5585 lirrmlns
260 5528 323 5583 ergo
333 5527 392 5567 enm
405 5512 527 5581 accipere
540 5526 592 5563 uon
613 5520 709 5580 potest,
725 5513 752 5568 id
772 5524 824 5579 est,
840 5532 917 5570 mun-

134 5601 217 5657 diales
232 5603 361 5670 beurunes,
377 5603 438 5673 ‹prrin
461 5617 513 5656 non
538 5600 636 5655 habeut
658 5605 804 5660 invisibiles
827 5607 917 5661 chari-

965 4699 1047 4754 Patre
1067 4713 1116 4769 per
1139 4699 1270 4752 unitatem
1284 4698 1427 4752 individoae
1448 4697 1615 4764 divinitatis3
1631 4707 1767 4754 noverant

969 4803 1070 4843 seesse
1083 4789 1111 4843 in
1126 4788 1243 4853 Christo,
1263 4804 1311 4858 per
1325 4789 1523 4858 susceptionem
1542 4787 1604 4845 iidei
1622 4797 1651 4845 et
1669 4805 1766 4846 sacra·

970 4889 1122 4935 mentorum
1136 4880 1205 4950 ejus.
1225 4879 1504 4936 Norerantveraeiter
1514 4881 1614 4946 virere,
1629 4889 1766 4939 tuncesse

971 4967 1108 5023 Christum
1124 4968 1248 5031 inPatre,
1263 4979 1291 5025 et
1310 4971 1336 5024 in
1351 4985 1380 5025 se
1392 4984 1452 5025 esse
1466 4968 1615 5035 Christum,
1636 4984 1686 5042 per
1697 4973 1765 5028 dile-
1796 5015 1803 5024 .

970 5061 1087 5118 ctionem
1110 5069 1138 5116 et
1159 5061 1360 5116 observantiam
1377 5061 1566 5119 mandatorum
1590 5061 1658 5132 ejus.
1682 5063 1766 5120 Norit

971 5162 998 5206 et
1022 5152 1073 5206 hoc
1098 5160 1190 5205 saneta
1216 5151 1263 5206 bct
1287 5151 1417 5221 Ecclesia,
1444 5153 1491 5210 sed
1516 5153 1594 5224 louge
1615 5155 1715 5212 melius
1736 5169 1766 5214 et

970 5244 1074 5312 plenius
1095 5245 1121 5298 in
1136 5243 1179 5298 illa
1202 5245 1255 5309 die,
1270 5246 1304 5298 de
1321 5259 1374 5314 qua
1396 5246 1479 5313 divit,
1501 5257 1526 5302 et
1542 5265 1584 5302 cos
1605 5250 1716 5316 riaetis,
1734 5252 1762 5307 in

969 5351 1021 5405 qvia
1039 5335 1172 5390 veraciter
1183 5335 1274 5391 vivere
1287 5335 1430 5406 incipiunt,
1443 5337 1496 5392 boc
1510 5346 1561 5404 cst,
1575 5338 1602 5392 in
1614 5340 1658 5394 die
1672 5354 1763 5396 resur-

969 5426 1106 5490 rectionis,
1120 5423 1227 5496 quando
1248 5441 1281 5480 eo
1299 5425 1446 5496 perfectius
1458 5435 1555 5483 cuneta
1569 5444 1630 5498 qrrae
1649 5431 1761 5488 scienda

967 5532 1030 5576 sunt
1044 5523 1142 5585 scium,
1153 5538 1207 5593 qno
1220 5522 1307 5592 ipsum
1321 5522 1441 5578 scientire
1458 5520 1560 5579 sonem
1574 5525 1691 5581 vicinius
1701 5527 1763 5584 sine

968 5612 1020 5665 line
1042 5611 1220 5682 conspiciunt.
1248 5610 1284 5697 lit
1302 5611 1427 5667 omnibus
1448 5612 1529 5682 hujus
1549 5615 1760 5685 promissionem
