3810 6120
75 304 130 365 ‘tet
595 308 773 368 musteus.
793 310 828 366 itt
847 310 927 370 REG.
948 311 978 369 S.
998 312 1189 373 sessorem.
1656 320 1710 378 'idi
1735 362 1740 383 .

75 418 230 495 perbiendo
255 418 437 475 humilitatem
461 426 489 474 et
510 419 672 479 luxuriando
687 422 802 494 perdidit
818 438 866 478 ca·
880 427 982 485 Arem
1000 434 1091 482 rectus
1114 436 1165 494 est,
1188 428 1308 485 charitas
1320 429 1365 485 vel
1377 429 1484 486 dilectio
1495 431 1604 487 dicitur.
1628 433 1709 489 Chri-

77 512 222 572 stitatem;
249 525 319 564 unus
340 509 414 564 dolet
435 511 499 579 quia
520 511 645 567 solatium
657 520 798 583 parentum
822 527 868 581 pa·
918 515 951 568 sti
966 516 1036 570 enirn
1054 527 1096 572 est
1117 532 1197 574 omne
1220 521 1291 589 quod
1308 536 1470 591 possumus:
1495 521 1542 577 illo
1554 523 1711 581 vivilicante

78 603 150 658 riter
167 601 259 655 amisit
274 607 303 655 et
320 601 470 656 subsidium
490 617 598 669 rerum,
620 603 688 659 alius
715 603 778 673 quia
805 617 869 672 pec-
917 606 1043 673 rivimus,
1062 609 1160 678 illoque
1174 619 1318 682 vegetante
1332 625 1472 665 movemur
1484 620 1513 667 et
1527 627 1641 679 sumus,
1663 615 1709 670 illo

78 691 168 747 cando
203 704 315 759 regnum
346 691 451 758 pariter
473 699 604 746 :eternum
631 692 722 746 amisit
748 700 775 746 et
800 706 869 762 prae-
918 712 968 752 nos
993 700 1069 768 prius
1093 700 1221 772 diligente
1247 702 1392 773 diligimus,
1422 703 1537 776 diligens
1562 707 1634 761 enim
1658 722 1709 764 nos

80 782 189 847 minm;
211 795 281 835 unus
299 780 371 835 dolet
390 783 454 850 quia
471 783 585 837 terrenis
606 796 708 852 pauper
725 780 813 837 iactsrs
827 789 869 838 est
918 789 1022 843 creavit
1036 797 1064 844 et
1086 791 1251 857 vivificarit3
1274 794 1388 848 nutrivit
1408 804 1436 848 et
1448 796 1610 862 custodivit,
1629 806 1656 852 et
1674 797 1710 854 sd

80 871 184 935 rebus,
215 869 285 923 alius
304 868 370 939 quia
393 884 497 939 pauper
527 870 614 925 iactus
639 878 682 925 est
705 871 867 937 virtutibus;
919 874 1056 932 lavacrum
1068 881 1279 949 regenerationis
1292 882 1593 950 perduxit;renovavit,
1610 886 1709 955 guber-

81 976 154 1015 tinus
165 960 237 1016 dolet
252 961 315 1030 quia
338 961 488 1032 despicitur
502 977 518 1016 a
533 963 643 1028 mundo,
659 962 728 1017 alius
743 963 807 1031 quia
828 977 870 1018 se-
920 969 1004 1034 navit,
1019 978 1046 1023 et
1060 970 1094 1024 ad
1105 971 1299 1042 intelligibilem
1311 981 1417 1027 aetatem
1430 974 1520 1027 evexit
1531 989 1539 1027 ι
1552 975 1710 1031 1ιιιιοοιιιιι1ι

80 1061 195 1124 piaretur
204 1053 292 1107 abeo.
305 1053 339 1106 Et
352 1053 423 1114 ideo,
435 1069 469 1108 ne
479 1054 506 1108 in
519 1053 610 1109 dolore
620 1064 742 1124 pereant,
755 1053 868 1109 lratmm
921 1057 999 1111 nuliis
1013 1058 1224 1115 misericorditer
1238 1071 1266 1116 et
1279 1077 1326 1132 per
1339 1063 1509 1118 dilectionem
1527 1073 1655 1134 operatus
1667 1074 1710 1122 est

81 1143 295 1199 consolationem
320 1143 456 1215 accipiant
468 1144 558 1200 ambo.
571 1145 689 1199 visitent
701 1160 765 1215 ergo
778 1161 872 1200 mona·
921 1149 1002 1204 Dens.
1022 1150 1104 1219 Aperi
1120 1167 1194 1223 ergo,
1217 1171 1234 1210 o
1248 1156 1392 1220 monache,
1407 1157 1500 1213 oculos
1515 1158 1605 1214 cerdis
1621 1162 1668 1225 tui,
1683 1168 1712 1217 et

81 1240 127 1295 ehi
142 1247 280 1309 utrosque,
294 1239 359 1309 quia
378 1250 509 1294 :eternam
523 1239 675 1295 mercedem
687 1239 820 1309 accipient
836 1239 871 1294 ab
922 1240 949 1294 in
965 1248 1069 1294 tantum
1085 1249 1111 1294 te
1131 1256 1147 1295 a
1161 1241 1224 1297 lesu
1238 1242 1346 1298 Christo
1370 1260 1500 1315 cognosce
1515 1247 1657 1314 dilectum,
1681 1257 1712 1304 ut

33 1334 47 1347 '
80 1330 217 1399 utrisque.
920 1346 972 1403 pro
985 1342 1011 1386 te
1025 1333 1082 1403 ejus
1097 1335 1253 1404 sanguinem
1268 1351 1320 1389 non
1334 1335 1441 1391 dubites
1457 1338 1554 1393 lusum.
1571 1338 1713 1409 Suspende

117 1421 162 1475 att.
179 1420 302 1475 smmis·
320 1420 459 1474 actitasse
472 1421 558 1490 fecere
570 1420 694 1475 alienam.
718 1419 815 1485 Nemo,
834 1420 873 1475 ait
922 1431 1058 1476 cortuum
1072 1421 1105 1476 ad
1120 1423 1289 1478 dilectionem
1303 1423 1372 1491 ejus,
1388 1434 1415 1479 et
1436 1441 1489 1481 non
1504 1428 1639 1482 modicum
1664 1436 1711 1483 aut

79 1511 237 1583 Apostolus,
251 1513 367 1568 militum
383 1513 438 1568 lieo
460 1514 575 1584 implicet
594 1531 621 1569 se
640 1516 748 1585 negotiis
763 1514 874 1570 suenio-
923 1526 956 1567 ex
975 1512 1075 1580 aliquo,
1098 1513 1145 1566 sed
1164 1527 1197 1567 ex
1213 1514 1376 1577 totocorde,
1392 1521 1464 1568 etex
1488 1523 1543 1568 tota
1559 1517 1661 1581 anima,
1685 1525 1713 1573 et

80 1601 167 1665 rides,
180 1611 207 1655 et
222 1603 246 1656 ei
259 1600 360 1672 placeat
375 1604 417 1656 cui
432 1621 459 1656 se
470 1602 587 1672 producit
603 1603 646 1675 (ll
662 1604 729 1658 Tim.
747 1604 788 1673 ιι).
805 1605 873 1659 ilinc
923 1614 957 1655 er
971 1607 1026 1654 tota
1045 1608 1194 1654 mentetua
1210 1600 1290 1671 dilige
1304 1600 1446 1656 Dominum
1467 1603 1551 1658 Deum
1567 1613 1660 1671 ιιιιιιιι,
1675 1606 1712 1660 ita

80 1689 212 1744 Dourinus
227 1691 285 1744 ait:
307 1689 360 1756 Qui
373 1707 424 1744 aon
435 1691 564 1771 dimiserit
576 1691 665 1745 omniu
675 1708 735 1762 pure
747 1693 871 1763 possidet,
925 1699 956 1745 ut
975 1690 1073 1745 nullius
1085 1691 1123 1744 rei
1138 1705 1258 1746 arnorem
1278 1705 1419 1760 praeponas
1433 1694 1519 1748 amori
1532 1693 1638 1749 Domird
1662 1695 1713 1761 tui,

81 1796 135 1835 stoa
148 1789 231 1852 petest
252 1797 326 1836 meus
343 1797 397 1836 esse
411 1781 555 1852 discipulus
573 1780 723 1856 (trena).
746 1783 874 1853 Quisquis
887 1765 911 1824 Β
925 1779 983 1851 ipso
997 1788 1023 1833 te
1034 1779 1158 1844 docente,
1169 1778 1296 1851 intellige.
1307 1781 1351 1836 hit
1361 1781 1453 1836 enim:
1468 1781 1521 1848 Qut
1532 1793 1713 1852 amotputmrt

79 1885 147 1943 ergo
167 1886 183 1926 a
198 1871 288 1927 scruti
302 1869 408 1926 actibus
423 1871 479 1926 vuit
493 1869 562 1927 edici
575 1871 692 1938 alienus,
714 1887 824 1928 necesse
834 1882 877 1929 est
924 1877 969 1922 est
981 1877 1091 1921 matrem
1103 1866 1250 1939 plusquam
1269 1885 1319 1936 nte,
1330 1886 1382 1924 son
1394 1881 1430 1924 est
1441 1888 1482 1926 me
1496 1872 1592 1943 dignes
1604 1870 1711 1943 (listris.

79 1968 113 2015 ιιι
125 1961 213 2016 sacris
234 1960 446 2030 obtemperando
466 1960 610 2031 praeceptis
625 1960 676 2030 ipsi
690 1960 805 2016 Domino
819 1960 877 2016 elii-
932 1955 973 2026 s).
994 1954 1061 2010 Vere
1076 1957 1148 2010 euim
1160 1956 1276 2012 dueum
1290 1965 1346 2013 1⁰20
1359 1958 1440 2013 corde
1453 1974 1586 2025 amamus,
1600 1961 1713 2016 omnino

81 2053 172 2108 ciatur
183 2052 358 2123 pmpinquus.
367 2050 537 2122 Praeceptum
550 2060 592 2107 est
601 2052 674 2106 enim
685 2051 790 2105 bomini
804 2068 811 2104 t
826 2050 876 2104 ut·
924 2047 1010 2102 amori
1024 2047 1082 2116 eius
1092 2063 1142 2104 nee
1154 2057 1306 2119 parentum,
1322 2066 1372 2106 nec
1385 2049 1500 2107 liliorum
1515 2067 1633 2108 amorem
1646 2068 1715 2123 prae·

80 2148 185 2195 sertea
206 2139 276 2193 malo
291 2149 316 2193 es
337 2139 381 2210 [oe
403 2139 500 2194 donem
516 2136 604 2212 (Psoi.
614 2141 717 2208 xxxin).
730 2138 845 2195 Proinde
859 2154 875 2194 a
924 2139 997 2196 serre
1011 2142 1148 2197 debemus.
1169 2141 1250 2196 Beata
1263 2152 1304 2198 est
1315 2157 1380 2212 ergo
1390 2143 1477 2199 virtus
1489 2145 1588 2199 amoris
1601 2144 1713 2210 Christi,

81 2229 176 2285 secuti
196 2229 301 2285 actibus
315 2228 419 2285 alienus
433 2228 545 2286 effeetus
564 2230 598 2285 ad
616 2229 781 2285 condrtorem
796 2245 875 2284 suum
924 2244 985 2301 que
997 2230 1105 2285 dilectio
1118 2238 1230 2285 vocatur
1242 2237 1269 2285 et
1280 2232 1409 2287 charitas.
1424 2231 1525 2288 Omnes
1538 2233 1610 2288 enim
1624 2233 1714 2303 diligit

82 2319 276 2376 illuminandus
289 2321 401 2375 accedat
415 2321 572 2375 monachus.
596 2318 685 2390 ipsum
696 2320 798 2391 jugiter
811 2334 876 2375 cou-
924 2320 1006 2387 bens,
1020 2330 1048 2377 et
1058 2322 1136 2391 quasi
1151 2322 1231 2376 unius
1245 2321 1361 2391 proximi
1377 2321 1405 2375 in
1421 2323 1519 2377 mentis
1533 2336 1634 2378 arcano
1654 2337 1715 2377 om·

83 2411 217 2480 cupiscas,
229 2417 285 2466 toto
303 2410 383 2465 corde
397 2409 509 2481 diligat,
525 2417 554 2464 et
567 2424 616 2479 pro
627 2409 801 2465 illiusamore
815 2423 876 2463 om·
925 2410 999 2465 nium
1012 2424 1133 2466 amorem
1151 2410 1282 2466 recondit.
1298 2411 1368 2467 Vere
1381 2410 1472 2478 beata,
1484 2427 1545 2481 ιιι
1559 2413 1644 2467 nutrit
1656 2412 1714 2466 vir-

83 2516 135 2557 nes
148 2502 257 2557 nocivas
269 2501 360 2557 meoli
374 2502 496 2557 actiones
508 2500 652 2569 relinquat,
664 2504 786 2555 ettotam
799 2514 875 2569 spem
925 2506 996 2553 tutes
1019 2506 1048 2554 et
1072 2498 1145 2553 delet
1167 2505 1299 2569 peccata,
1326 2500 1456 2569 opprimit
1484 2500 1571 2565 iram,
1601 2499 1715 2555 recludit

83 2607 164 2648 suam
178 2606 211 2647 es
225 2591 296 2647 illius
316 2591 493 2647 delectatione
513 2591 685 2661 suspendeat.
708 2589 834 2655 Quotidie
848 2589 876 2642 in
924 2588 1028 2653 odium,
1053 2588 1163 2658 expellit
1178 2590 1333 2653 avaritiam,
1355 2591 1509 2660 comprimit
1529 2591 1616 2645 rixam
1630 2599 1657 2646 et
1671 2589 1714 2645 lu-

84 2681 239 2737 divinarum
256 2680 408 2736 litterarum
427 2694 457 2734 se
472 2686 599 2735 exerceat
614 2693 720 2749 eampo,
741 2687 769 2733 et
782 2677 820 2732 ibi
834 2693 875 2745 se,
925 2687 970 2748 gat
983 2677 1074 2732 omnia
1091 2678 1194 2749 pariter
1214 2679 1289 2734 vitia.
1308 2680 1404 2734 (imnis
1419 2679 1527 2744 tolerat,
1544 2681 1635 2735 omnia
1652 2693 1714 2734 cre-

84 2770 166 2840 qussi
183 2769 210 2824 in
229 2769 357 2839 speculo,
384 2769 527 2840 diligenter
547 2768 696 2837 conspiciat
719 2774 824 2832 totum;
848 2774 877 2821 et
926 2771 976 2836 dit,
990 2770 1079 2824 onrnia
1095 2777 1196 2841 sperat,
1213 2771 1284 2826 inter
1300 2770 1444 2841 opprobria
1459 2786 1555 2827 secura
1568 2780 1619 2835 est,
1645 2771 1716 2826 inter

85 2860 178 2914 omnia
191 2875 251 2929 quae
265 2860 293 2914 in
309 2875 339 2915 se
352 2859 387 2914 de
399 2858 576 2914 saecularibus
598 2856 704 2912 actibus
725 2856 877 2927 respuenda
926 2860 982 2917 iras
995 2861 1109 2932 placida,
1126 2861 1197 2917 inter
1211 2862 1272 2916 odia
1285 2861 1411 2934 benigna,
1427 2871 1456 2916 et
1469 2862 1496 2916 in
1514 2863 1628 2918 veritate
1641 2877 1713 2918 setu-

85 2947 232 3016 inrenerit,
245 2958 374 3019 respuat;
392 2957 420 3005 et
432 2963 492 3018 quac
504 2946 619 3002 tenenda
634 2945 777 3011 invenerit,
791 2945 878 3000 liben-
926 2967 975 3022 per
988 2961 1131 3022 permanet
1145 2950 1231 3005 llrrna.
1253 2952 1277 3005 h
1295 2952 1388 3023 pmvis
1402 2952 1647 3024 impugnationibus
1660 2967 1716 3008 uon

85 3048 130 3095 ier
141 3046 171 3095 ei
183 3038 291 3094 ΐῡιίὶῑθι·
304 3046 415 3104 teneam
430 3037 502 3108 (111οᾱ
515 3035 636 3092 damme
648 3035 791 3100 invenerit,
803 3049 877 3090 0⁰⁰¹·
890 3043 1054 3152 Cvincitur,
1076 3059 1091 3097 a
1114 3043 1267 3121 raptoribus
1288 3059 1343 3099 non
1363 3044 1504 3113 diripitur,
1528 3060 1543 3098 a
1564 3043 1717 3100 latmnibus

927 3149 982 3189 noo
998 3131 1113 3198 iuratur,
1132 3132 1166 3188 ab
1180 3133 1306 3190 incendio
1326 3141 1538 3200 concrematur,
1553 3134 1718 3206 inexpugna-

85 3138 188 3199 ponat;
204 3130 275 3199 quod
295 3131 447 3200 pulchrum,
462 3130 586 3198 ercolat;
608 3118 802 3202 v'prodsanum,
818 3145 877 3186 ser·

85 3224 152 3286 ret;
178 3220 249 3289 quod
265 3219 418 3284 inllrmum,
444 3222 610 3277 corroboret.
634 3220 740 3276 Domini
755 3221 796 3276 sui
808 3236 877 3292 prae-
925 3224 988 3281 bilis
1001 3231 1101 3289 manet,
1118 3223 1314 3293 inexplicabilis
1326 3224 1422 3290 durat,
1447 3225 1609 3280 inconcussa
1621 3239 1716 3295 perse·

85 3319 166 3382 cepta
180 3311 382 3382 infatigabiliter
391 3311 472 3384 legat,
495 3314 692 3383 inexplebiliter
705 3312 808 3385 diligat,
820 3311 877 3366 chl-
926 3324 1012 3382 verat,
1040 3315 1194 3384 incormpta
1218 3314 1334 3370 taetamr.
1365 3315 1552 3386 Ligamentum
1576 3325 1618 3369 est
1644 3315 1718 3370 enim

85 3402 190 3459 caciter
213 3402 366 3472 compleat;
388 3410 416 3458 et
438 3402 509 3474 quod
534 3403 586 3459 sibi
606 3403 756 3459 carendum
780 3401 878 3472 quidve
927 3409 1049 3464 omnium
1062 3408 1202 3472 virtutum,
1226 3406 1317 3477 gluten
1341 3406 1555 3467 estanimarum,
1572 3405 1719 3459 concordia
1822 3387 1830 3396 ’

86 3495 246 3549 sectandum
261 3496 307 3560 sit,
332 3510 365 3550 ex
383 3494 423 3550 eis
439 3495 587 3550 instructus
608 3501 747 3566 agnoscat.
769 3492 878 3547 Futuris
927 3496 1068 3561 mentium,
1085 3495 1201 3549 societas
1212 3493 1368 3555 electorum,
1389 3501 1418 3546 et
1430 3500 1584 3546 sanctorum
1597 3491 1717 3546 exstilla-

85 3582 312 3661 prcmissionibus
325 3585 429 3654 credat,
445 3591 500 3639 eta
517 3583 631 3655 strepitu
646 3583 818 3654 negotiorum
831 3597 879 3637 sae-
927 3589 966 3644 tio
978 3585 1144 3658 angelorum.
1166 3583 1205 3638 Ne
1218 3582 1426 3638 adversitatibus
1443 3580 1592 3652 frangatur,
1611 3580 1719 3637 sortiter

87 3675 220 3732 eularium
231 3678 427 3734 remotissimus
436 3678 517 3732 visat.
531 3676 560 3731 ln
581 3675 678 3731 studiis
691 3672 878 3744 spiritualibus
927 3686 1046 3733 mentem
1062 3677 1192 3740 roborat;
1221 3688 1255 3730 oe
1269 3671 1495 3744 prosperitatibus
1517 3671 1647 3738 elevetur,
1669 3686 1719 3728 cor

87 3766 188 3838 quibua
200 3768 294 3823 diebus
306 3768 418 3839 singulis
428 3768 523 3824 melior
532 3783 565 3823 ac
577 3767 674 3822 melior
687 3764 734 3820 ilat
747 3763 877 3836 invigilet.
928 3776 1008 3824 caute
1038 3771 1181 3835 temperat.
1214 3763 1318 3819 Teneat
1341 3777 1407 3833 ergo
1436 3762 1515 3817 istam
1540 3776 1650 3817 necesse
1675 3768 1719 3817 est

86 3856 170 3914 liutet
183 3858 268 3914 otium
291 3868 423 3920 sanctum,
444 3858 473 3913 in
486 3873 540 3928 quo
561 3864 687 3913 exerceat
711 3856 808 3911 animm
824 3869 880 3910 suae
929 3867 985 3913 tam
1016 3856 1194 3912 clarissimam
1227 3854 1356 3908 virtutem
1387 3851 1484 3906 beatus
1514 3851 1662 3906 monachus
1690 3850 1719 3905 iu

87 3947 238 4017 negotium.
260 3947 395 4004 llortuum
418 3949 469 4003 sibi
494 3949 604 4018 deputet
625 3946 771 4012 mundum,
796 3962 827 4002 ac
851 3961 881 4002 sc
929 3955 1032 4011 mente,
1057 3954 1160 4001 etcum
1176 3942 1220 3998 illa
1238 3943 1395 4012 sitsemper
1416 3949 1518 3995 etcum
1533 3938 1578 3993 illa
1600 3945 1718 4003 maneat,

87 4037 184 4093 mundi
213 4038 348 4095 illecebris
373 4040 500 4094 exhibeat
525 4038 704 4103 crucilixum;
735 4053 769 4093 eo
795 4038 881 4094 aciem
929 4051 991 4093 cum
1005 4034 1049 4090 illa
1065 4043 1158 4105 surgat
1169 4039 1197 4085 et
1208 4030 1338 4100 cumipse
1352 4035 1456 4099 pergat,
1471 4026 1721 4082 ethicetiuaeter-

88 4127 192 4183 mentis
205 4127 328 4184 intendat
341 4144 395 4199 quo
406 4143 550 4199 pervenire
564 4128 710 4184 desiderat.
733 4127 882 4182 Beatitudi-
930 4143 995 4183 aum
1006 4141 1068 4181 cum
1085 4124 1128 4178 illa
1142 4137 1249 4192 semper
1263 4121 1341 4176 laetus
1352 4132 1528 4191 perseverans
1540 4117 1621 4173 vivat.

89 4234 156 4275 nem
177 4218 275 4274 suturae
288 4220 350 4275 vitae
364 4227 425 4275 ante
447 4219 539 4275 oculos
557 4219 655 4274 animae
672 4233 728 4274 sure
750 4225 882 4288 proponat
964 4216 1058 4272 22-25.
1075 4214 1148 4269 lmm
1162 4230 1213 4267 aon
1227 4212 1360 4284 perficere.
1379 4208 1531 4263 lmmndie
1544 4218 1645 4278 tempus
1667 4224 1719 4263 ιιοιι

90 4321 122 4368 et
133 4311 244 4384 diligat;
260 4328 311 4369 nee
325 4321 427 4368 metuat
437 4311 536 4384 aliquid
549 4311 704 4382 tempomle,
716 4325 766 4366 occ
779 4309 880 4380 cupiat,
930 4321 1061 4363 reservem
1074 4302 1154 4374 (Epis.
1171 4302 1218 4373 tv).
1232 4301 1305 4356 luter
1315 4301 1384 4354 iram
1397 4306 1424 4354 et
1433 4297 1600 4353 iracundiam
1614 4298 1650 4351 ita
1662 4297 1720 4353 dis·

89 4417 145 4460 uec
159 4403 292 4475 cupiditas
309 4403 485 4460 intentionem
497 4403 595 4458 mentis
609 4402 667 4474 ejus
679 4402 807 4457 emolliat.
823 4398 881 4455 Non
894 4436 921 4495 D
932 4397 1062 4469 tinguitur
1079 4413 1085 4449 :
1110 4396 1151 4449 ira
1168 4408 1288 4464 praesens
1307 4398 1348 4447 est
1371 4390 1533 4460 indignatio,
1558 4403 1618 4459 quae
1631 4388 1721 4444 subite

90 4493 210 4566 gaudeat
230 4495 263 4550 dc
276 4494 469 4565 temporalibus
487 4493 607 4559 omnino,
632 4508 683 4548 nec
705 4492 810 4563 lugeat,
835 4492 882 4547 sed
934 4502 967 4542 es
990 4485 1081 4554 aliqua
1103 4482 1283 4539 commotione
1307 4480 1389 4536 animi
1413 4479 1556 4545 nescitum
1575 4477 1721 4534 iracundias

90 4596 202 4653 semper
214 4583 248 4638 ad
264 4581 337 4637 iliam
356 4583 463 4639 beatam
477 4589 504 4636 et
518 4579 636 4636 suturam
650 4581 751 4645 ritant,
775 4580 819 4634 ubi
834 4578 883 4632 lici
933 4577 1029 4632 vitium
1044 4573 1167 4628 naturale
1188 4579 1230 4628 est
1246 4578 1273 4627 et
1286 4579 1454 4641 perpetuum.
1477 4568 1547 4640 Ergo
1570 4567 1655 4622 iratus
1671 4580 1721 4636 pre

91 4673 288 4738 substantiam,
302 4672 420 4728 revelata
436 4671 514 4738 lucie,
530 4671 622 4725 videre
635 4670 730 4739 possit,
746 4669 881 4724 extendat.
936 4675 1057 4736 tempore
1069 4663 1237 4728 mocitatur,
1251 4660 1397 4716 iracundus
1413 4666 1502 4713 autem
1523 4656 1678 4726 {requenter
1693 4663 1735 4742 0‘.

129 4762 175 4817 21.
192 4761 267 4816 Nihil
285 4763 368 4817 amori
383 4760 480 4815 Christi
492 4774 642 4829 preponere
656 4756 762 4831 (llottlr.
777 4755 817 4826 x).
833 4756 884 4812 Le-
934 4759 1030 4815 leviter
1048 4755 1193 4819 irascitur,
1219 4753 1320 4822 dequo
1343 4750 1474 4818 seriptum
1490 4755 1551 4802 est:
1575 4745 1723 4802 iracundus
1796 4748 1801 4759 '

90 4851 183 4925 gimus
194 4851 220 4906 in
238 4851 310 4906 beati
331 4850 441 4905 Antonii
463 4849 525 4904 ilita
537 4849 609 4918 quod
630 4848 729 4902 multos
749 4847 884 4918 litigantes
935 4849 1028 4908 effodit
1039 4853 1160 4918 peccata.
1184 4844 1219 4900 Et
1239 4840 1382 4913 hpostolus
1401 4853 1451 4894 nos
1462 4853 1512 4908 per
1524 4837 1592 4892 iram
1610 4851 1723 4907 peccare

91 4940 199 5013 redegit
216 4942 244 4996 in
259 4942 406 4996 amicitiam
424 4942 551 4996 omnibus
566 4939 678 4994 dicens:
702 4938 774 4994 Nihil
786 4940 885 4995 debere
934 4939 1069 5010 prohibet,
1089 4937 1200 4992 dicens:
1214 4930 1374 4994 Irascimini,
1395 4938 1419 4983 et
1441 4927 1520 4982 melite
1539 4941 1656 4997 peccare.
1676 4921 1723 4979 Sei

92 5034 169 5103 ipsus
191 5048 349 5104 praeponere
365 5033 464 5086 borum
483 5046 542 5102 quse
564 5031 673 5085 suntin
694 5031 795 5086 mundo
817 5030 885 5085 dile-
935 5047 988 5085 mors
1004 5027 1107 5083 occidat
1118 5041 1196 5097 seper
1210 5021 1374 5077 iracundiam
1388 5028 1520 5079 oestrum
1535 5024 1560 5071 et
1582 5015 1662 5070 nolite
1681 5014 1723 5069 lu·

91 5125 179 5181 ctioni
192 5124 305 5181 Christi.
320 5125 355 5179 Et
370 5124 486 5180 Basilius
500 5125 538 5179 ait
560 5141 566 5177 :
584 5122 658 5180 Unus
670 5131 828 5194 prospectus
850 5123 888 5178 sit
935 5136 995 5176 eam
1011 5118 1076 5172 dare
1089 5113 1194 5171 diaholo
1210 5112 1290 5185 (Epis.
1306 5112 1355 5168 rvi.
1380 5107 1527 5165 Considera
1544 5123 1619 5178 ergo,
1645 5107 1723 5161 beate

85 5215 157 5280 tibi,
180 5215 237 5269 lvii:
257 5216 281 5271 si
300 5216 347 5270 uni
365 5214 481 5269 Domino
504 5212 608 5269 servire
630 5212 779 5276 desideras,
800 5212 887 5267 omni·
936 5210 1078 5273 monache,
1096 5207 1159 5277 quia
1172 5206 1218 5275 qui
1232 5219 1281 5274 per
1294 5203 1364 5258 iram
1376 5201 1404 5256 in
1424 5199 1537 5256 tratrem
1550 5199 1652 5270 expetit
1661 5197 1722 5250 vin·

91 5307 175 5363 modo
189 5307 316 5362 abscinde
336 5321 351 5360 a
368 5313 394 5360 te
407 5305 543 5360 carnalem
558 5318 697 5369 amorem,
714 5316 777 5357 nea
798 5311 825 5357 te
837 5302 885 5357 bei
936 5299 1049 5362 dietam,
1072 5297 1099 5351 in
1113 5296 1196 5352 eorde
1212 5309 1263 5348 suo
1276 5291 1383 5348 diabolo
1395 5291 1429 5346 ad
1446 5290 1620 5347 habitandum
1640 5284 1724 5339 aedid-

91 5396 219 5452 esclndat
243 5413 374 5452 amorem.
400 5397 470 5453 Vere
490 5396 562 5451 enim
585 5395 652 5451 nibil
676 5394 762 5449 amori
785 5392 886 5449 Christi
935 5399 980 5446 cat
992 5389 1093 5455 locum,
1105 5396 1134 5444 et
1149 5387 1269 5452 Christo,
1286 5384 1331 5454 qui
1345 5391 1479 5440 verusest
1491 5380 1539 5444 sol,
1553 5385 1681 5448 quarrtom
1694 5389 1723 5474 ns

92 5502 252 5558 preponere
271 5489 411 5553 debemus,
433 5488 460 5542 id
484 5495 536 5552 est,
561 5495 736 5557 anteponere,
761 5485 803 5540 vel
818 5501 886 5556 prae-
935 5479 1080 5548 semetipso
1094 5486 1146 5542 cst,
1158 5491 1285 5533 occasum
1299 5480 1443 5544 preparat.
1467 5469 1540 5538 Fuge
1553 5479 1626 5535 ergo,
1646 5476 1724 5563 anut-

92 5577 177 5634 ferre.
203 5578 287 5633 hmor
303 5579 375 5635 enirn
389 5557 489 5633 Christi
503 5576 622 5631 ebaritas
642 5584 695 5631 est.
720 5575 789 5629 Nam
809 5589 887 5629 amor
934 5569 1017 5625 liante
1030 5569 1094 5633 lieo,
1110 5568 1189 5633 iram,
1200 5577 1228 5623 et
1240 5565 1294 5621 noli
1311 5579 1361 5633 per
1371 5565 1439 5616 iram
1449 5558 1525 5613 iratri
1542 5555 1652 5611 reddere
1665 5567 1724 5606 vrn-

93 5686 158 5726 cuur
170 5686 270 5742 pmvus
286 5678 339 5737 est,
361 5667 495 5742 cupiditas
512 5665 553 5721 vel
574 5665 657 5721 libido
669 5673 796 5731 vocatum
821 5679 883 5721 cum
935 5661 1045 5721 dictam.
1067 5659 1184 5717 Attende
1197 5657 1339 5728 diligenter
1362 5649 1425 5723 quid
1437 5663 1487 5704 nos
1508 5644 1607 5701 Paulus
1628 5641 1722 5705 sdruc-
