3810 6120
150 300 203 358 ll5
558 296 813 356 connectiones
831 298 865 352 tt
886 296 1076 353 aristoles
1096 298 1140 353 ET
1161 297 1368 356 evadentia.
1734 310 1801 366 ttd*

149 425 289 472 artemam.
306 409 480 482 Rogavcmnt
494 425 568 478 eum,
584 413 659 468 utibi
675 421 808 480 maneret,
823 421 851 468 ct
861 429 937 467 maa·
952 414 976 473 Α
989 413 1081 469 carnis
1096 415 1234 483 proximus
1249 415 1389 472 bominum
1411 416 1497 473 laetus
1522 429 1574 486 est,
1590 421 1718 481 libentius
1739 441 1783 488 est

148 509 184 565 sit
205 508 243 562 ibi
266 502 406 561 duosdies
420 504 571 574 etreliqua.
583 505 708 561 Christus
730 506 871 561 nuntiatur
894 520 942 575 per
993 505 1115 560 amultis
1132 507 1191 577 ejus
1211 523 1302 562 sermo
1319 519 1456 580 receptus,
1482 526 1600 582 namque
1620 530 1636 568 a
1660 516 1783 585 plurihne

148 598 318 656 Christianos
339 596 453 661 amicos,
473 605 600 667 tanquam
613 597 736 664 muliere,
756 597 808 652 boc
821 605 872 662 est,
892 596 942 651 Ec·
992 607 1034 650 est
1047 597 1162 667 superba
1179 599 1317 667 impietate
1339 608 1522 672 contemptus,
1544 604 1689 663 audierunt
1710 611 1788 669 enim

147 691 230 748 elesia
249 688 445 755 annuntiante,
464 689 497 743 ad
518 688 656 744 Christum
669 689 791 754 veniunt,
812 690 856 759 qni
875 688 942 745 loris
992 693 1125 747 mansueti
1139 692 1259 749 etlaetati
1274 705 1347 751 sunt.

147 791 222 846 stant,
238 787 266 836 et
280 779 400 836 nondum
416 787 478 834 sunt
489 778 647 834 Christiani.
667 779 787 836 Credunt
798 796 846 851 per
861 781 940 835 istam
1027 781 1168 838 Adducunt
1195 794 1282 840 entem
1294 784 1392 843 Scribe
1407 794 1432 843 et
1450 788 1581 846 Plrnrisrri
1599 792 1734 849 nralierem
1756 793 1783 850 iu

147 871 258 928 lamam.
272 870 363 925 hlanet
376 870 448 941 apud
461 883 508 925 eos
517 869 609 939 biduo,
625 871 677 927 boc
694 878 745 937 cst,
761 871 808 925 dat
822 870 874 926 illis
888 871 942 928 duo
991 871 1121 927 adulterio
1136 875 1332 945 deprehensam,
1355 888 1380 932 et
1402 887 1548 934 statuerunt
1568 898 1625 936 eam
1646 883 1782 951 benedic,

145 971 283 1033 praecepta
296 960 449 1026 charitatis,
472 961 561 1027 idest,
578 961 750 1017 dilectionem
769 962 818 1018 llei
832 972 860 1019 et
875 979 939 1035 pro-
990 971 1014 1015 et
1039 962 1162 1018 dixerunt
1176 964 1219 1018 ei:
1236 964 1374 1036 llopirter,
1396 969 1452 1023 lroee
1473 969 1567 1025 mulier
1590 972 1667 1026 modo
1689 974 1784 1047 depre-

147 1055 225 1121 rimi,
252 1063 281 1111 er
297 1054 383 1109 mutto
400 1054 492 1123 plures
512 1061 540 1108 et
554 1053 660 1110 firmins
674 1056 797 1122 eredunt,
812 1057 940 1126 quoniam
990 1053 1071 1106 tenea
1082 1063 1119 1107 en
1137 1053 1166 1108 tn
1179 1054 1321 1123 adulterio,
1342 1059 1370 1111 tn
1383 1056 1438 1130 lece
1450 1070 1538 1117 aurem
1553 1061 1656 1137 haeses
1670 1066 1783 1121 aaaron·

146 1148 205 1217 ipse
216 1154 258 1202 est
270 1161 336 1201 rere
349 1144 474 1200 Salvator
482 1147 586 1201 mundi.

147 1256 304 1313 sarsaaro
332 1255 557 1314 barnoinum
586 1257 756 1315 sanonum
784 1246 819 1314 tu
856 1258 941 1327 out-

442 1325 653 1382 pancasius.

308 1433 478 1476 ertscetruu
498 1433 616 1483 rounam,
636 1435 696 1474 car.
711 1436 768 1474 vm.

185 1525 194 1555 ι
213 1505 338 1561 Perrexit
359 1505 439 1560 Iesus
460 1506 488 1560 iu
505 1515 625 1562 montem
644 1505 753 1574 Ollretl,
772 1517 800 1564 et
819 1509 938 1565 diluculo

149 1618 158 1648 ι
181 1599 280 1653 iterum
291 1597 367 1652 xenit
378 1598 406 1651 in
431 1597 570 1668 templum,
584 1605 611 1651 et
626 1599 716 1654 omnis
735 1600 851 1670 populus
864 1601 939 1657 venit

990 1142 1024 1195 eit
1037 1142 1111 1197 nobis
1125 1143 1278 1214 hujusmodi
1298 1144 1429 1217 lapidare,
1448 1160 1502 1205 etc.
1519 1150 1563 1219 Ut,
1586 1153 1617 1207 si.
1633 1153 1691 1225 ipse
1714 1155 1785 1213 hanc

991 1229 1161 1300 lapidandam
1176 1233 1345 1301 decerneret,
1360 1236 1599 1306 deriderenteum,
1615 1241 1692 1310 criasi
1702 1243 1784 1297 mise

991 1322 1124 1388 ricordiae,
1136 1339 1217 1393 qrram
1228 1336 1336 1395 semper
1347 1327 1470 1394 docebat,
1484 1329 1606 1386 oblittmr.
1619 1330 1647 1386 Si
1662 1331 1783 1404 lapidare

990 1420 1111 1482 vetaret,
1130 1415 1274 1470 striderent
1289 1416 1316 1469 in
1338 1432 1400 1471 eum
1427 1418 1552 1476 dentibus
1566 1423 1633 1487 suis,
1656 1433 1683 1478 ct
1705 1426 1783 1495 quasi

990 1503 1123 1559 fautorem
1134 1504 1267 1560 scelerum
1277 1505 1398 1577 legisque
1405 1510 1583 1577 contrarium,
1592 1511 1782 1581 relutnrerito,
1804 1569 1807 1574 ,

990 1595 1159 1651 damnarent.

150 1710 159 1740 ι
182 1691 299 1756 adeum,
320 1698 347 1745 et
362 1689 460 1744 sedens
474 1689 587 1746 docebat
609 1705 666 1746 eos.
688 1689 833 1748 Adducunt
846 1701 938 1748 autem
1024 1688 1102 1743 lesus
1112 1696 1200 1742 autem
1215 1688 1346 1744 inclinans
1357 1705 1385 1744 se
1407 1689 1539 1756 deorsam,
1556 1694 1640 1764 dipito
1654 1695 1783 1751 scrihebat

149 1802 158 1832 ι
180 1781 285 1838 Seribae
296 1790 322 1837 et
336 1781 469 1837 Pharisaei
489 1782 631 1838 mulierem
646 1783 674 1838 in
688 1783 822 1840 adulterio
842 1786 939 1855 depre-
952 1756 976 1815 Β
989 1781 1018 1834 ia
1031 1789 1112 1835 terre.
1126 1779 1179 1834 Per
1193 1780 1395 1837 inclinationem
1413 1781 1488 1848 Jesu,
1505 1783 1655 1850 humilitas,
1676 1803 1726 1856 per
1743 1787 1784 1841 di-

148 1895 157 1923 ·
180 1876 304 1942 hensam,
317 1882 346 1929 et
362 1883 516 1930 statuerunt
532 1890 592 1930 eam
603 1876 630 1931 in
644 1877 744 1943 medio,
765 1885 793 1933 et
810 1878 939 1934 dixerunt
991 1874 1086 1945 situm,
1099 1874 1145 1944 qui
1158 1875 1336 1929 articulorum
1360 1877 1563 1946 computatione
1584 1877 1709 1933 flexibilis
1730 1888 1782 1942 cst,

148 1986 156 2016 ι
180 1967 220 2020 ei:
235 1965 374 2037 Magister,
390 1964 554 2020 bacmulier
566 1968 647 2022 modo
659 1966 686 2020 iu
697 1967 830 2022 adulterio
841 1967 938 2038 depre-
990 1964 1125 2020 subtilitas
1139 1963 1313 2020 discretionis
1326 1966 1496 2036 exprimitur.
1507 1966 1594 2023 Porro
1608 1985 1657 2040 per
1667 1976 1781 2035 terram,

148 2075 157 2105 ι
179 2057 263 2112 hensa
283 2063 334 2111 est.
360 2054 390 2110 ln
405 2056 465 2127 lege
476 2063 568 2111 autem
589 2055 695 2127 lloyses
710 2057 849 2111 mandavit
860 2056 939 2112 nobis
990 2071 1038 2111 eor
1051 2056 1210 2123 humanum,
1225 2057 1297 2127 quod
1312 2057 1354 2112 rel
1367 2057 1500 2113 bonarum
1513 2061 1651 2116 actionum
1667 2061 1709 2117 rel
1725 2077 1782 2115 ma-

147 2168 157 2199 «
178 2146 333 2216 lmjusmodi
349 2147 479 2218 lapidare.
494 2147 533 2202 Tu
554 2162 619 2219 ergo
633 2148 699 2218 quid
713 2148 801 2205 dieis?
814 2149 877 2205 llaec
891 2165 940 2205 nn·
989 2143 1077 2198 larum
1095 2145 1164 2200 solet
1182 2144 1296 2201 reddere
1316 2145 1430 2213 tructam,
1442 2148 1603 2203 ostenditur.
1627 2149 1783 2206 Postulatus

148 2259 157 2289 ι
181 2248 236 2293 tem
251 2237 376 2294 dicebant
388 2247 524 2294 tentantes
548 2225 620 2305 cum,
642 2247 673 2294 ut
684 2247 796 2310 possent
809 2256 938 2297 accusare
988 2252 1053 2309 crgo
1076 2239 1206 2295 Dominus
1228 2239 1353 2311 judicare
1377 2244 1410 2297 de
1432 2243 1660 2314 peccatricc,non
1691 2243 1783 2296 statim

148 2349 157 2379 r
181 2345 256 2384 eum.
272 2327 350 2384 lesus
366 2336 456 2385 autem
477 2330 613 2386 inclinans
635 2346 664 2388 se
690 2331 828 2400 deorsum,
853 2333 938 2404 digito
989 2327 1034 2383 dat
1044 2326 1188 2397 judicium,
1200 2332 1246 2386 sed
1262 2333 1338 2402 prius
1353 2349 1382 2388 se
1396 2333 1529 2388 inclinans
1544 2334 1681 2400 deorsum,
1699 2333 1782 2406 digito

147 2441 157 2472 r
177 2422 314 2477 scribebat
327 2421 354 2476 in
366 2430 476 2477 terram.
491 2421 558 2477 Cum
569 2429 660 2478 autem
671 2431 878 2492 perseverarent
894 2423 937 2479 ln·
988 2419 1084 2475 scribit
1098 2422 1125 2476 iu
1137 2429 1220 2488 terra,
1234 2438 1266 2478 ac
1279 2431 1334 2478 tum
1354 2423 1460 2479 demum
1477 2441 1538 2480 cum
1553 2425 1653 2481 obnixe
1672 2433 1783 2495 rogatur

149 2533 157 2562 ι
185 2521 353 2585 terrogantes
376 2530 449 2580 eum,
464 2514 590 2571 erexitse
604 2524 631 2569 ct
642 2515 709 2569 dixit
730 2516 771 2570 eis
785 2533 791 2570 :
806 2515 857 2582 Qut
878 2515 937 2571 sine
984 2509 1098 2578 judicat.
1114 2511 1169 2568 Nos
1186 2513 1313 2569 videlieet
1330 2516 1417 2587 typice
1432 2516 1586 2582 instituens,
1612 2527 1641 2571 ut
1657 2517 1781 2586 qrrando-
1820 2580 1822 2585 ¹

149 2606 620 2676 rpeccatoestrestmm,primusin
632 2606 827 2676 illamlapldem
836 2608 936 2662 mittat.
988 2617 1094 2672 cunque
1110 2605 1298 2673 proximorum
1317 2616 1406 2662 errata
1428 2609 1621 2678 conspicimus,
1646 2625 1699 2663 riou
1724 2611 1782 2664 hsce

150 2694 938 2752 rEtiterumseinclinansscribebatinterramdudientes
988 2700 1070 2749 antea
1086 2695 1477 2766 reprehendendojudiccmus,
1494 2716 1575 2770 quaxn
1588 2701 1622 2755 ad
1641 2701 1782 2756 conscicn-

152 2803 161 2833 ι
177 2786 428 2853 somniaremus
445 2792 506 2856 post
516 2800 599 2839 unum
615 2783 737 2851 exibant,
750 2784 937 2855 incipientesa
990 2783 1055 2837 tiam
1072 2790 1193 2838 nostram
1207 2785 1348 2841 humiliter
1365 2789 1477 2855 reversi,
1490 2789 1574 2858 digito
1597 2806 1657 2844 cam
1677 2791 1780 2845 discre-

151 2890 160 2924 ι
178 2873 730 2940 senioribus.Etremansitlesussolus‚et
745 2875 938 2931 mulierinme
989 2871 1072 2927 tionis
1085 2873 1198 2929 solerter
1210 2874 1393 2946 exculpemus.
1408 2876 1441 2931 Et
1461 2878 1525 2947 ‹pdd
1547 2879 1574 2932 in
1594 2894 1624 2932 ea
1640 2878 1780 2935 Corrditori

149 2965 937 3037 rdiostans.Erigcnsautemselesusdixitei:Mulier,uhi
987 2961 1102 3034 placeat,
1123 2965 1220 3034 quidve
1239 2965 1389 3034 displiceat,
1412 2967 1505 3021 sedula
1519 2967 1720 3023 examinatione
1741 2969 1782 3024 di·

149 3081 160 3110 ι
179 3059 293 3129 suntqui
304 3057 612 3115 teaccusabanthemo
622 3065 648 3114 te
657 3058 936 3127 condemnavittouae
988 3055 1128 3120 rimamus,
1140 3055 1216 3126 juxta
1232 3056 1296 3110 illud
1317 3055 1437 3126 Apostoli
1451 3075 1457 3110 :
1472 3057 1592 3125 Fratres,
1605 3069 1628 3112 et
1644 3060 1667 3112 si
1681 3076 1782 3130 precor-

149 3166 158 3200 ι
176 3150 245 3204 dixit
259 3168 266 3202 :
282 3149 376 3215 Nemo,
391 3148 516 3205 Domine.
530 3149 603 3205 Dixit
614 3157 704 3206 autem
720 3151 745 3206 ei
763 3149 842 3206 lesus
857 3171 863 3206 ς
880 3150 936 3207 Nee
988 3154 1097 3216 cupetur
1113 3145 1193 3215 [uerit
1206 3147 1283 3201 leonto
1294 3148 1322 3201 ia
1340 3146 1430 3219 aliquo
1444 3146 1549 3214 delicto,
1571 3166 1625 3215 ros,
1640 3151 1685 3221 qai
1704 3149 1782 3220 spiri·

149 3258 158 3290 x
181 3248 265 3311 egote
278 3240 474 3296 condemnabo.
488 3239 573 3307 Vade,
584 3239 670 3312 etjam
682 3239 797 3312 amplius
808 3241 862 3297 noli
873 3255 938 3315 pee-
988 3236 1053 3292 tales
1068 3239 1139 3302 eatis,
1156 3239 1277 3294 instruite
1295 3240 1448 3311 hujusmodi
1467 3242 1493 3294 ia
1511 3241 1605 3312 spirite
1625 3249 1780 3295 mortinetu-

150 3349 159 3383 r
182 3347 254 3388 care.
275 3352 285 3384 r
988 3330 1068 3395 dinis,
1077 3330 1246 3385 considerans
1257 3333 1379 3403 teipsum,
1392 3350 1423 3387 ne
1433 3343 1457 3386 et
1475 3342 1502 3386 ta
1514 3335 1620 3387 tenteris
1632 3332 1703 3405 (Gal.
1715 3332 1764 3407 rr).

183 3419 301 3476 Perrexit
320 3421 397 3476 Jeme
420 3422 448 3475 in
469 3429 584 3476 xeuntem
606 3419 710 3477 Ol'veti.
736 3422 813 3479 lllons
841 3425 939 3496 quippe
1024 3417 1090 3474 Cum
1102 3430 1188 3474 cotem
1206 3430 1398 3491 perseuerarent
1411 3422 1602 3492 irrterroountcs
1617 3439 1686 3487 eura,
1699 3423 1781 3477 eterit

143 3513 241 3570 otheri
272 3512 466 3568 sublimitatem
488 3512 629 3568 dominicae
652 3513 761 3583 pictatis
785 3524 813 3569 ct
832 3515 938 3570 miseri·
988 3528 1026 3574 se,
1042 3520 1066 3564 et
1079 3511 1145 3564 dixit
1159 3512 1196 3565 eis
1213 3527 1221 3562 :
1236 3511 1288 3576 Qui
1302 3513 1358 3566 siue
1369 3521 1475 3582 peceato
1489 3521 1525 3566 ert
1541 3523 1667 3578 nesteron,
1681 3515 1780 3584 prhuur

143 3602 387 3674 cordiaedesignst,
402 3604 466 3673 quia
477 3603 608 3660 etGraece
623 3603 690 3667 ilice
703 3609 744 3660 sal
760 3606 842 3671 ἥλιος,
858 3607 939 3662 mise-
988 3603 1102 3657 inillam
1119 3603 1232 3673 lapidem
1256 3605 1352 3657 mittut.
1374 3604 1425 3670 Qui
1442 3604 1507 3661 hinc
1529 3613 1556 3660 et
1580 3605 1643 3660 inde
1665 3604 1780 3662 Domino

144 3694 262 3749 ricerdis
274 3694 384 3761 dicitur,
398 3693 531 3750 olivetum
545 3704 658 3751 vocatur
667 3697 766 3765 oleum,
782 3704 810 3752 et
819 3699 876 3769 ipsa
890 3715 939 3753 nn.
989 3689 1090 3746 Scribas
1112 3699 1139 3747 et
1161 3692 1291 3746 Pharisaei
1314 3692 1460 3747 tendebant
1481 3694 1592 3763 laqueos
1608 3682 1790 3760 insidiamur,

144 3785 262 3841 etioolei
285 3784 365 3840 fessis
387 3785 457 3842 solet
480 3785 577 3842 afferre
609 3787 742 3842 levamen.
765 3787 865 3843 Sedet
887 3789 939 3845 hee
989 3789 1116 3851 putantes
1134 3797 1195 3837 cnm
1210 3782 1253 3836 xel
1271 3783 1514 3838 immisericordem
1532 3783 1652 3839 futurum
1667 3786 1693 3839 in
1709 3784 1781 3854 judi-

145 3890 254 3945 quoque
267 3875 358 3930 oleum
378 3884 406 3931 et
418 3876 519 3933 virtute
540 3892 573 3933 ae
594 3879 712 3949 puritate
722 3880 887 3950 praeminet,
912 3891 940 3937 er
989 3866 1086 3941 cando,
1110 3875 1153 3929 rel
1176 3875 1323 3945 lnjust.um;
1352 3877 1502 3946 previdens
1526 3876 1571 3932 ille
1592 3879 1677 3942 dolos,
1702 3879 1780 3948 quasi

144 3959 940 4040 quemcunqueeiliquoremsuperfunderevoluerls‚eonte-
989 3966 1033 4020 llla
1049 3967 1146 4021 transit
1162 3980 1278 4030 aranea,
1295 3966 1428 4033 judicium
1447 3965 1559 4034 justitie
1579 3983 1628 4036 per
1644 3968 1733 4022 onmia
1754 3977 1782 4022 ct

145 4056 209 4110 stim
221 4057 295 4112 hunc
311 4058 515 4127 transcendere,
529 4061 608 4132 eique
626 4062 773 4133 superferri
788 4065 936 4134 consuevit,
989 4057 1224 4112 nransuctudincm
1240 4056 1349 4126 pietatis
1361 4057 1515 4111 ostendens.
1541 4058 1609 4112 Ecce
1632 4067 1782 4127 temperan-

145 4148 260 4214 gratiam
279 4148 474 4205 misericordiae
499 4150 619 4207 coelestis
639 4168 693 4207 non
716 4153 939 4212 inconvenienter
989 4149 1025 4203 tia
1039 4148 1204 4203 miserandi:
1219 4148 1271 4212 Qui
1282 4149 1339 4201 siue
1349 4157 1454 4217 peccato
1468 4157 1506 4200 est
1518 4157 1639 4200 restrrun.
1651 4148 1722 4202 Ecce
1732 4148 1781 4202 ite·
1802 4184 1803 4189 κ

146 4238 267 4292 insinuat
294 4239 328 4294 de
355 4254 408 4308 qua
437 4241 569 4310 scriptum
589 4247 659 4296 est:
687 4240 783 4297 Suouia
810 4243 939 4301 Dominae
989 4253 1048 4292 rttnt
1066 4235 1170 4309 justitia
1195 4235 1333 4305 judicandi
1358 4254 1364 4288 :
1386 4235 1492 4289 Plinius
1518 4236 1544 4290 in
1568 4235 1642 4289 illem
1665 4235 1779 4307 lapidem

146 4329 290 4394 etnivertb,
314 4338 339 4383 et
366 4330 547 4385 miserationes
569 4330 626 4401 ejus
654 4334 840 4403 superomnia
859 4349 938 4404 opera
989 4328 1084 4382 mittet.
1104 4325 1144 4382 lle
1165 4327 1187 4380 si
1209 4326 1324 4380 dixisset
1343 4343 1349 4379 ε
1365 4323 1396 4379 Si
1417 4324 1523 4396 hloyscs
1544 4324 1681 4380 mandarit
1704 4325 1780 4381 robis

146 4415 206 4483 ejus
220 4415 304 4484 (reat.
320 4417 422 4489 extre).
949 4417 1129 4514 Dmulierem
1143 4415 1296 4485 hujusmodi
1314 4415 1451 4485 lapidare,
1465 4415 1554 4469 ridete
1573 4416 1635 4484 quia
1658 4431 1710 4469 non
1728 4414 1781 4470 boc

185 4504 568 4566 Eedttncetonenoneramm
582 4510 716 4583 temptem.
731 4511 850 4583 Tempus
870 4529 938 4585 que
990 4517 1156 4580 peccatores,
1179 4508 1225 4563 sed
1244 4508 1332 4578 iustos
1351 4505 1443 4562 tacere
1460 4507 1605 4577 praeopta,
1629 4507 1717 4577 prino
1733 4521 1780 4561 ros

146 4611 200 4664 qne
213 4596 335 4664 diluculi,
350 4608 475 4657 exortum
492 4601 611 4672 ejusdem
634 4604 738 4674 gratiae,
757 4620 811 4675 qua
833 4615 936 4679 remota

147 4688 216 4758 legis
226 4690 330 4754 umbra,
345 4691 390 4745 lux
400 4693 561 4764 evangelice
570 4694 695 4750 veritatis
707 4703 765 4750 erat
780 4696 936 4764 revelanda,

147 4778 326 4834 demonstrat.
341 4779 433 4852 Pergit
455 4797 520 4852 ergo
538 4781 618 4839 iesus
636 4784 663 4838 in
687 4792 807 4839 montem
827 4784 936 4852 oliveti,

147 4876 179 4920 ut
201 4882 290 4924 arcem
314 4872 509 4927 misericordiae
526 4873 554 4927 in
577 4888 607 4928 se
631 4882 758 4930 constare
783 4876 935 4932 denuntiet.

148 4961 230 5015 Venit
241 4963 340 5019 iterum
353 4965 471 5021 diluculo
484 4965 511 5020 in
528 4965 668 5035 templum,
679 4973 709 5021 ut
723 4954 846 5023 eamdem
860 4968 941 5023 mise-

148 5052 305 5119 ricordiam,
318 5070 379 5110 eum
395 5056 540 5126 incipiente
559 5053 626 5110 Nori
641 5056 808 5112 Testamenti
825 5058 937 5124 lumine,

147 5144 283 5211 fidelihus,
298 5147 398 5218 templo
411 5149 539 5204 xldelicet
553 5163 611 5215 stro,
631 5150 804 5220 pandendam
817 5152 940 5221 praeberi-

147 5234 265 5304 darnque
281 5236 425 5314 signillcet.

183 5324 314 5381 Etomnir
328 5326 439 5398 populns
450 5330 517 5384 uenit
532 5329 567 5382 ud
588 5346 659 5396 eum,
671 5340 695 5386 et
716 5330 808 5386 redens
831 5331 939 5386 docebat

146 5433 201 5471 ros.
213 5417 306 5474 Sessio
320 5418 426 5474 llomini
449 5421 628 5477 humilitatem
640 5423 834 5477 incarnationis
861 5420 937 5490 ejus,

146 5527 196 5581 per
211 5527 294 5581 quam
305 5513 384 5568 nobis
398 5513 654 5586 misereridignatus
666 5524 717 5579 est,
726 5516 854 5570 insinuat.
866 5515 939 5570 berre

146 5609 239 5656 aarum
250 5601 350 5655 dicitur
363 5619 369 5654 ε
385 5603 447 5671 quia
455 5618 516 5659 cum
527 5605 624 5661 sedens
635 5604 839 5668 doecretlesus,
851 5606 938 5659 omnis

147 5692 263 5763 populns
273 5694 347 5749 teuit
359 5693 391 5748 ad
403 5709 475 5761 eum,
490 5696 551 5766 qnia
563 5705 704 5766 postquam
715 5695 868 5751 humilitate
882 5711 937 5751 smc

990 4601 1042 4671 ipsi
1053 4599 1187 4670 justitiam
1198 4600 1265 4671 legis
1280 4601 1399 4671 implete,
1417 4609 1445 4655 et
1465 4600 1504 4655 sic
1515 4600 1671 4655 innocentes
1691 4599 1779 4652 nrani-

990 4692 1050 4758 bus,
1058 4701 1085 4746 et
1096 4692 1195 4746 niundo
1206 4690 1286 4746 eorde
1297 4691 1330 4744 ad
1347 4691 1516 4761 lapidandam
1525 4704 1599 4744 ream
1614 4689 1779 4746 concurrite.

991 4783 1082 4838 Primo
1096 4783 1229 4854 spiritalia
1252 4782 1318 4852 legis
1331 4783 1428 4847 edicta,
1443 4782 1533 4848 fidem,
1554 4782 1779 4845 misericordiam,

992 4880 1019 4927 et
1031 4873 1190 4928 charitatem
1204 4871 1337 4942 perficite,
1349 4873 1430 4928 etsie
1447 4873 1480 4927 ad
1494 4873 1614 4927 carnalia
1633 4871 1779 4943 judicanda

991 4966 1126 5021 divertite.

1027 5055 1061 5109 Et
1076 5057 1170 5109 iterem
1182 5073 1208 5111 se
1220 5054 1361 5120 inclinans,
1382 5054 1509 5109 scridebat
1526 5055 1553 5109 in
1572 5065 1653 5110 terro.
1672 5056 1707 5111 Et
1724 5055 1780 5127 qui·

990 5146 1050 5202 dem
1063 5148 1138 5218 juxta
1150 5164 1252 5203 morem
1267 5149 1471 5203 consuetudinis
1487 5148 1612 5203 humanm
1632 5157 1722 5218 potest
1740 5148 1780 5201 iu·

991 5236 1074 5307 telligi
1093 5237 1164 5306 quod
1188 5237 1248 5292 idco
1263 5236 1390 5291 Dominus
1419 5252 1510 5292 coram
1532 5237 1710 5292 tentatoribus
1728 5235 1778 5287 im·

990 5327 1094 5396 probis,
1110 5326 1233 5380 inclinari
1245 5334 1273 5380 et
1290 5326 1316 5380 in
1329 5335 1402 5381 terra
1413 5327 1532 5382 seribere
1547 5326 1673 5387 volucrit,
1684 5334 1714 5377 ut
1727 5321 1780 5378 alio

993 5417 1094 5470 cultum
1112 5417 1262 5483 intendens,
1276 5417 1390 5473 liberum
1402 5419 1442 5474 eis
1457 5419 1541 5481 daret,
1554 5417 1639 5479 exire,
1653 5427 1779 5483 ociossuo

992 5509 1170 5579 responsione
1183 5510 1333 5580 perculsos,
1357 5511 1437 5566 citius
1451 5510 1590 5571 exituros,
1607 5520 1686 5576 quam
1702 5505 1778 5576 plura

991 5600 1205 5669 interrogaturos
1218 5616 1278 5656 csse
1293 5601 1462 5671 previderat.

1030 5690 1168 5747 desilientes
1194 5703 1291 5760 rtrttrrn,
1311 5710 1377 5747 aitrus
1394 5703 1449 5762 prust
1475 5705 1554 5743 uurntt
1578 5690 1690 5760 exibant,
1714 5690 1779 5746 taei-
1808 5701 1810 5704 ⁴
