3810 6120
119 282 175 338 653

726 274 878 333 utriustri
899 272 1150 332 ttuancttoutttt.

1703 277 1756 334 eat

120 397 232 467 lioyseu
245 391 279 446 de
304 387 365 445 titiis
385 388 465 444 lsrael
491 390 518 444 in
540 405 632 444 eremo
660 395 915 450 mummrarerunt,
930 385 1133 451 lotrensem,
1152 387 1201 451 rel,
1216 384 1353 442 ilabemus
1364 385 1599 442 circumcisionem
1613 404 1620 441 :
1635 389 1683 443 sed
1698 389 1756 444 Nos

120 486 148 540 in
164 481 504 553 ipsaeremosvenenatis
525 481 691 551 serpentium
712 480 847 534 morsibus
867 492 914 549 pc-

119 574 239 635 ricrunt,
257 579 285 626 et
303 569 329 624 in
344 570 561 640 repromissionis
577 579 651 625 terra
669 571 852 625 hereditatem
873 569 914 623 in·

120 671 164 718 tet·
176 661 276 717 iratres
297 674 350 714 non
366 667 526 730 receperunt
541 659 634 731 (Num.
652 676 697 715 xiv
712 670 736 714 et
751 661 819 730 ιιι).
834 659 913 726 Quis·

119 755 182 826 quis
197 760 320 808 nostrum
344 765 409 820 ergo
432 750 617 805 haereditatem
641 751 712 804 inter
726 749 826 805 electos
852 749 911 815 Dei,

120 846 194 901 vetut
206 845 279 900 inter
295 843 404 907 iratres,
426 841 454 895 iu
474 849 546 896 terra
558 841 706 895 viventium
722 839 824 895 babere
842 839 913 894 desi-

119 937 210 1002 derat,
223 949 336 990 necesse
347 943 390 988 est
401 940 430 987 ut
443 932 503 988 sine
515 930 795 985 ’murmurationibus
820 929 848 984 in
872 929 913 983 in-

20 1019 25 1025 ’
119 1029 203 1084 stanti
224 1026 323 1083 secuto
336 1026 418 1080 uiuat.
443 1024 529 1079 Tanto
549 1025 621 1079 enim
644 1023 730 1092 magis
752 1021 913 1093 ortisquedc

118 1118 248 1188 presenti
263 1122 417 1171 murmurat
427 1116 595 1186 operatione,
610 1122 713 1184 quiante
733 1114 847 1184 amptius
867 1115 914 1169 de·

119 1215 212 1278 sperat
229 1206 328 1261 laboris
349 1205 391 1260 sui
412 1213 541 1260 eternam
562 1206 683 1275 recipere
696 1203 911 1260 retributionem.

966 493 1068 543 euntrts,
1077 479 1173 548 inquit,
1180 479 1356 544 circumcisio,
1370 479 1510 542 idest,n0s
1520 495 1615 545 snmus
1626 483 1758 538 munditia

964 569 1101 639 etjustitia
1110 571 1486 642 circumcisionisspiritualis,
1495 571 1759 641 babendojnstitiam

965 666 993 712 et
1008 659 1169 714 munditiam
1184 659 1364 730 spirituatem.
1376 659 1405 714 ln
1420 658 1478 732 lege
1492 661 1564 715 enim
1578 669 1605 715 et
1619 662 1761 732 prophetis

964 748 1108 817 dupliciter
1121 749 1279 803 circumcidi
1300 747 1437 816 jubemur,
1465 764 1548 805 carno
1578 750 1707 806 uidelicet
1731 763 1760 806 et

965 840 1056 897 corde.
1069 838 1169 903 Carne,
1187 839 1230 894 ubi
1247 841 1303 894 ait:
1323 839 1549 895 circumcidimini
1570 857 1676 896 curnem
1689 858 1760 914 prte-

968 934 1037 1005 patii
1050 935 1128 987 uestri
1147 931 1222 1004 (Gen.
1240 934 1319 1003 ιιιιι).
1335 933 1436 994 Corde,
1452 931 1498 986 ubi
1511 931 1596 988 dicit:
1615 931 1762 989 Circunrei·

968 1022 1022 1075 dite
1036 1023 1169 1088 preputio
1185 1024 1305 1077 cordium
1319 1030 1467 1076 nestrorum
1478 1020 1568 1090 (Dent.
1584 1039 1601 1077 x
1615 1038 1623 1089 ;
1636 1021 1692 1077 ier.
1710 1024 1759 1096 ιιι).

963 1109 1017 1166 Nos
1029 1124 1094 1165 vero
1111 1118 1177 1166 tunc
1190 1124 1271 1166 carne
1283 1108 1515 1176 circumcidimur,
1528 1112 1552 1165 si
1576 1126 1591 1166 a
1606 1113 1685 1167 nobis
1697 1127 1756 1168 car·

963 1201 1036 1256 nulia
1049 1202 1117 1256 vitia
1139 1201 1337 1268 abscindimus,
1352 1202 1380 1257 id
1398 1209 1449 1266 est,
1475 1202 1619 1268 adulteria,
1640 1202 1759 1261 tornica-

964 1291 1063 1356 tioncs,
1078 1291 1291 1358 immunditiam,
1313 1290 1461 1361 crapulam,
1484 1293 1643 1359 ebrietates,
1658 1302 1687 1348 et
1710 1308 1760 1350 cre·

120 1298 190 1353 Nam
204 1297 297 1367 quide
312 1310 360 1365 spe
367 1295 560 1380 getdbutionis
574 1300 627 1349 ndu
642 1296 757 1359 dubitat,
779 1295 806 1349 in
824 1294 915 1364 operi-

119 1392 173 1446 bus
189 1390 266 1445 duris
288 1390 403 1459 positus,
419 1397 514 1443 contra
539 1388 705 1442 emditorem
719 1402 797 1442 suum
823 1387 915 1441 Domi·
964 1389 1022 1436 tera
1035 1382 1078 1436 bis
1092 1383 1201 1448 similia,
1216 1397 1276 1453 que
1288 1397 1338 1453 per
1350 1382 1443 1438 carnis
1463 1391 1611 1453 operantur
1631 1383 1760 1455 concupi·

119 1497 185 1536 num
206 1480 317 1534 minime
331 1485 492 1532 murmurat.
509 1476 593 1531 Filius
611 1476 683 1530 enim
699 1476 745 1545 qni
760 1476 914 1530 eruditura
964 1472 1105 1527 scentiam.
1118 1471 1206 1527 Corde
1218 1472 1450 1537 circumcidimur,
1468 1473 1491 1527 si
1506 1488 1522 1526 a
1535 1474 1615 1530 nobis
1634 1475 1760 1544 spiritua-

118 1579 211 1642 patre,
234 1577 265 1630 ιιι
284 1567 470 1624 haereditatem
495 1566 611 1635 accipiat
632 1572 772 1629 retentam,
797 1578 915 1617 murmu·
963 1560 1000 1615 lia
1011 1561 1077 1616 uitia
1088 1562 1284 1628 abscindimus,
1299 1563 1388 1627 idest,
1402 1562 1569 1632 snperbiam,
1584 1563 1758 1633 jactantiam,

120 1675 184 1717 rare
212 1674 265 1714 non
290 1659 389 1723 debet,
414 1657 461 1713 sed
481 1655 571 1727 potius
596 1655 630 1710 de
655 1654 741 1725 patris
763 1653 915 1709 eruditione
965 1653 1045 1720 imm,
1058 1655 1156 1721 rixam,
1168 1655 1269 1720 odium,
1281 1654 1324 1711 rel
1339 1654 1479 1719 inuidiam,
1491 1661 1519 1710 et
1532 1654 1641 1710 similia.
1655 1654 1758 1712 tiorum

120 1751 249 1821 gaudere.
267 1746 397 1801 Perverse
418 1761 496 1800 mens
515 1745 623 1814 quando
642 1760 690 1815 per
702 1744 914 1814 increpationem
929 1747 953 1807 Β
967 1761 1031 1818 crgo
1043 1747 1164 1802 omnium
1179 1746 1294 1817 aliectio
1305 1748 1444 1811 vitiorum,
1467 1756 1496 1802 et
1505 1749 1640 1803 bonarum
1654 1763 1762 1804 assum·

94 1884 97 1888 »
119 1840 274 1908 corripitur,
286 1847 332 1893 aut
345 1853 393 1906 per
403 1837 602 1909 predicationis
612 1837 780 1893 dulcedinem
793 1837 827 1892 ad
836 1837 908 1892 bona
964 1837 1021 1905 ptio
1032 1838 1173 1903 virtutum,
1192 1838 1296 1894 iaciunt
1317 1838 1454 1893 bominem
1471 1836 1586 1906 justum.
1602 1837 1635 1893 Et
1649 1838 1706 1894 ltrec
1716 1838 1761 1908 ju·

119 1931 259 1995 sentietur,
272 1929 305 1985 dc
323 1928 493 1998 correptione
504 1927 534 1981 ιιι
547 1928 675 1993 deterior,
688 1927 787 1983 etinde
801 1928 828 1981 in
839 1942 914 1981 mur·
963 1930 1038 1985 stitia
1057 1930 1286 1996 circumcisionis,
1305 1946 1358 2001 qua
1370 1928 1436 1997 justi
1451 1931 1576 1986 homines
1596 1928 1760 1996 efficiuntur,

119 2022 283 2078 murationis
305 2021 447 2091 iniquitate
471 2020 654 2084 succenditur,
681 2020 752 2074 uude
772 2004 865 2073 debuit
878 2017 913 2072 ab
964 2018 1077 2074 aPatrio
1093 2020 1266 2075 circumcisio
1280 2028 1403 2076 uocatur.
1425 2019 1476 2086 Ωιι
1500 2021 1596 2090 spiritu
1610 2018 1665 2075 Deo
1680 2023 1761 2076 serui·

119 2112 265 2182 iniquitate
288 2109 435 2180 compesci.
452 2108 580 2178 Quisquis
594 2124 643 2179 pro
664 2116 776 2180 peccato
793 2107 912 2178 percuti-
962 2129 1021 2166 mus
1039 2108 1121 2182 (Pirit.
1136 2111 1189 2181 ιιι),
1205 2111 1309 2182 inquit:
1325 2111 1397 2165 Deus
1408 2112 1477 2164 enim
1490 2111 1598 2181 spiritus
1610 2118 1648 2164 est
1665 2108 1757 2182 (icen.

118 2214 175 2269 tur,
190 2202 241 2256 nisi
252 2201 447 2256 murmurando
461 2200 605 2262 renitatur,
620 2214 653 2254 eo
674 2200 734 2270 ipso
751 2199 809 2268 jam
820 2196 912 2266 justus
963 2202 1012 2271 rr).
1041 2201 1075 2255 Et
1095 2201 1165 2256 sicut
1179 2201 1226 2270 quui
1241 2201 1356 2257 adorant
1375 2198 1471 2265 Deum,
1489 2201 1516 2254 in
1531 2201 1628 2269 spiritu
1647 2209 1675 2255 et
1688 2200 1760 2255 reri·

103 2285 180 2353 ¹esse
202 2297 323 2360 inchoat,
348 2311 405 2366 quo
419 2294 540 2350 ierientis
553 2294 688 2362 iustitiam
715 2310 769 2350 non
791 2301 910 2349 accusat.
963 2298 1018 2345 tate
1029 2298 1136 2360 oportet
1151 2291 1278 2356 adorare,
1292 2292 1330 2346 ita
1343 2299 1371 2348 et
1384 2291 1430 2363 qui
1445 2291 1530 2346 seruit
1544 2290 1611 2355 Deo,
1624 2291 1650 2345 in
1661 2290 1759 2361 spiritu

120 2386 192 2442 ltine
215 2393 244 2440 ct
264 2385 364 2440 Patrius
388 2385 444 2439 ait:
469 2383 561 2456 Neque
583 2384 820 2449 nturmurcneritis,
844 2383 912 2438 sicut
963 2387 991 2435 et
1003 2380 1116 2435 veritate
1129 2388 1236 2451 oportet
1249 2380 1275 2436 ei
1289 2381 1402 2437 servire.
1424 2380 1458 2434 Ει
1475 2379 1624 2451 pioricmur
1644 2381 1670 2434 iu
1684 2379 1760 2434 Citri-

118 2475 228 2547 quidam
240 2491 334 2543 eorum,
355 2482 595 2538 murmuraverunt,
614 2483 638 2528 ct
657 2490 672 2526 c
686 2473 848 2545 serpentibus
867 2490 912 2545 pe·
963 2478 1003 2524 rto
1015 2467 1091 2523 iesu.
1112 2469 1152 2525 lle
1172 2470 1194 2525 si
1215 2470 1317 2526 diecret
1333 2487 1340 2523 :
1362 2469 1416 2526 Nos
1431 2470 1477 2541 qui
1490 2469 1587 2540 spiritu
1602 2470 1659 2526 Deo
1670 2471 1757 2526 servi-

119 2567 223 2619 rieruut
235 2562 262 2636 (i
276 2562 339 2619 Gor.
355 2580 372 2619 x
385 2581 393 2631 ;
409 2564 492 2619 Num.
508 2563 577 2636 aar).
598 2563 698 2618 Narrat
723 2564 821 2634 quiippe
844 2563 913 2618 tiber
963 2575 1035 2626 mus,
1048 2576 1102 2616 non
1112 2561 1257 2616 carnaliter
1269 2561 1296 2614 in
1309 2560 1400 2616 carnis
1412 2560 1629 2626 circumcisione,
1644 2559 1691 2615 sed
1701 2560 1760 2630 spti-

118 2655 299 2711 Nummorum
313 2656 386 2726 quod
400 2666 533 2726 pertaesus
547 2656 575 2711 in
593 2671 686 2711 eremo
699 2655 813 2726 populus
830 2653 912 2710 lsrael
962 2649 1759 2723 ritualiterinChristolesugloriamur,aquoctsrdcivirtu·

119 2745 227 2800 itineris
253 2745 379 2815 longiae
402 2744 522 2810 latioris,
549 2745 769 2808 murmuraverit,
798 2742 913 2814 ideoque
963 2751 1017 2798 tem
1032 2743 1594 2815 accepimus,perquamineogloriamnr.
1609 2742 1758 2815 Namquod

119 2835 253 2891 Dominus
266 2834 372 2890 miserit
391 2835 418 2888 in
444 2834 518 2890 illum
535 2834 635 2906 ignitos
653 2842 802 2905 serpentes.
822 2833 913 2906 Plagae
964 2836 1094 2892 Dominam
1108 2835 1151 2890 dic
1164 2843 1262 2890 octaro
1273 2846 1314 2890 cst
1328 2834 1514 2898 circumcisus,
1531 2840 1558 2888 et
1572 2841 1635 2903 post
1649 2832 1756 2888 tricesi-

106 2923 205 2996 ·igitnr
226 2933 382 2996 serpentum
408 2926 552 2997 ignitorum
571 2939 674 2980 uenena
700 2932 764 2980 sunt
783 2925 911 2981 uitiorum
964 2942 1038 2982 muru
1052 2926 1163 2983 tertium
1182 2925 1398 2981 circumcisionis
1416 2925 1498 2990 diem,
1522 2925 1556 2978 ad
1571 2924 1701 2995 templum
1716 2933 1760 2980 est

114 3029 181 3086 quie
194 3015 313 3072 animam
334 3030 416 3084 quam
440 3023 553 3086 tangunt
578 3014 710 3083 spirituali
733 3023 820 3070 morte
841 3016 912 3085 peri·
964 3019 1070 3075 delatus
1083 3017 1160 3094 (inc.
1178 3017 1220 3091 u),
1233 3026 1263 3071 ut
1277 3017 1367 3072 hostia
1381 3031 1432 3087 pro
1445 3031 1478 3071 eo
1494 3014 1648 3082 oiicrretur,
1660 3023 1761 3071 ctsan·

118 3115 207 3162 munt.
223 3106 258 3161 Et
271 3107 341 3161 bene
361 3121 533 3160 murmurans
550 3114 643 3160 contra
661 3106 807 3160 Dominum
829 3123 914 3177 popu·
927 3096 949 3157 C
965 3117 1026 3164 etus
1037 3108 1144 3164 bomini
1155 3116 1308 3170 uocaretur,
1321 3107 1434 3178 mystice
1443 3106 1578 3178 siguificat
1591 3107 1758 3176 unianimo,

119 3197 164 3252 ins
180 3206 335 3267 serpentum
350 3197 489 3252 morsibus
513 3195 697 3261 sternebatur,
719 3202 749 3249 ut
768 3212 802 3251 ex
819 3198 914 3252 ordine
966 3194 1018 3248 nisi
1032 3192 1308 3258 circumcisusvitiis,
1323 3192 1422 3265 dignus
1433 3192 1469 3247 sit
1480 3191 1630 3246 Dominicis
1641 3206 1761 3263 praesen·

119 3287 216 3359 flagelli
230 3289 373 3345 exterioris
394 3296 554 3358 agnosceret
577 3297 707 3359 quantam
731 3289 803 3343 intus
823 3290 914 3359 pcrni-
965 3287 1017 3341 tari
1038 3286 1244 3357 conspectibus;
1269 3301 1348 3340 ncnro
1367 3285 1419 3341 nisi
1448 3284 1626 3340 mortalitatis
1645 3285 1761 3341 nexibus

117 3381 191 3436 elem
217 3380 413 3435 murmurando
438 3388 586 3448 pateretur.
613 3379 687 3433 Dixit
711 3379 794 3434 abbas
814 3376 913 3448 ioseph
966 3376 1117 3440 absolutus,
1142 3391 1266 3444 superne
1289 3377 1408 3430 ciuitatis
1430 3376 1528 3447 gaudia
1549 3377 1649 3445 poterit
1670 3378 1761 3433 subire

119 3469 193 3540 quod
217 3478 273 3525 tres
297 3480 359 3525 suut
385 3470 495 3525 ordines
522 3469 694 3524 honorabiles
717 3469 744 3523 in
767 3475 914 3538 conspectu
963 3469 1110 3540 periectos.
1134 3468 1202 3523 Nam
1225 3476 1253 3522 ει
1274 3469 1308 3522 ad
1324 3469 1395 3523 banc
1418 3469 1568 3523 carnalium
1583 3477 1610 3522 et
1632 3469 1761 3538 spirituu-

120 3559 247 3615 Domini:
267 3559 371 3629 primus
390 3559 499 3629 quattdo
521 3560 602 3613 benuo
627 3558 790 3619 infirmatur,
807 3567 834 3612 et
848 3556 914 3627 aniji-
965 3565 1031 3619 lium
1042 3565 1169 3619 uitiorum
1179 3562 1415 3619 circumcisionem
1431 3561 1595 3627 iaciendum,
1614 3577 1663 3617 nos
1678 3560 1759 3618 Jaco-

120 3649 232 3705 ciuntur
253 3649 279 3705 ei
305 3650 480 3716 lebllllffllssssr
504 3658 531 3705 θῑ
547 3665 607 3706 tum
632 3649 783 3720 stallatum
807 3649 914 3705 actione
964 3656 1015 3711 bus
1036 3655 1175 3726 apostolus
1196 3655 1321 3711 bortatur
1337 3653 1449 3708 dicens:
1478 3652 1636 3723 dejicientes
1658 3669 1760 3708 omnem

121 3741 238 3810 suscipit
254 3757 319 3807 eas;
343 3743 478 3797 sccundus
498 3751 600 3808 autent,
621 3742 729 3812 querulo
745 3742 843 3814 aliquis
859 3758 915 3799 om·
947 3734 1172 3814 'irrrurunditierm
1185 3757 1209 3802 et
1232 3745 1424 3802 abundantium
1451 3743 1571 3810 malitie,
1587 3745 1616 3798 in
1638 3762 1760 3801 monsue-
1785 3736 1793 3743 ’

120 3831 168 3887 uia
179 3847 261 3902 opera
279 3848 328 3889 sua
343 3831 410 3889 facit
432 3833 532 3888 munile
551 3849 645 3888 cutam
665 3833 789 3900 Domino,
804 3842 832 3890 et
847 3835 915 3889 nibil
966 3840 1055 3896 tudine
1067 3841 1192 3912 suscipite
1206 3839 1314 3894 insitum
1325 3835 1541 3910 uerbum(iucob.
1555 3836 1586 3908 ι).
1601 3836 1692 3891 Primo
1702 3851 1761 3892 cor·

121 3923 151 3979 in
170 3923 206 3980 iis
224 3925 322 3995 quemi
345 3926 509 3991 irunrauum3
529 3925 627 3980 tertius
648 3940 724 3989 vero,
740 3927 849 3995 qrrunrlo
865 3926 915 3980 aii·
965 3946 1016 4002 pus
1035 3940 1063 3986 et
1077 3940 1195 3987 mentem
1216 3930 1323 3985 avitiis
1346 3928 1424 3997 jubet
1445 3928 1611 3989 circumcidi,
1637 3935 1667 3981 ut
1686 3925 1760 3997 digni

122 4014 186 4084 quis
196 4015 272 4071 sedet
285 4016 311 4070 in
328 4016 504 4087 subjectione,
527 4023 554 4070 ct
567 4017 710 4086 praeceptis
730 4016 915 4087 spiritualibus
966 4023 1083 4077 existere
1105 4022 1242 4093 possimus
1256 4021 1302 4092 qui
1323 4021 1435 4075 verbum
1455 4019 1551 4076 salutis
1565 4018 1758 4088 percipiamus.

122 4105 184 4162 siue
197 4108 411 4163 murmuratione
427 4107 529 4173 obedit,
550 4116 578 4162 et
597 4106 724 4162 omnibus
737 4108 853 4178 propriis
872 4124 910 4164 re
966 4111 1080 4167 Omnem
1099 4111 1198 4183 quippe
1224 4110 1424 4166 immunditiam
1448 4118 1477 4165 et
1500 4108 1592 4164 carnis
1614 4116 1643 4163 et
1664 4108 1761 4162 anime

123 4198 231 4254 nuntiat
241 4199 434 4255 uoluntatibus.
968 4211 1104 4272 nuncupat
1118 4222 1124 4256 :
1148 4202 1279 4258 malitiam
1291 4218 1369 4268 uero,
1390 4209 1498 4256 tantum
1511 4201 1545 4256 ad
1566 4200 1703 4256 interioris
1714 4201 1762 4255 bo-

407 4291 522 4347 curbi
551 4290 628 4345 Ll'll.
967 4294 1048 4348 minis
1062 4293 1224 4362 pravitatem
1247 4293 1386 4363 pertinere
1408 4292 1545 4363 designat.
1572 4292 1607 4347 Αι
1627 4293 1697 4346 hauc
1711 4306 1761 4347 nos

320 4382 358 4436 De
371 4383 569 4436 circumcisione
583 4383 717 4436 uitiorum.
967 4384 1093 4439 uitiorum
1113 4384 1350 4440 circumcisionem
1374 4381 1476 4448 ilicem,
1501 4382 1599 4439 Petrus
1622 4382 1761 4455 apostolus

161 4472 391 4541 choccapitutn
409 4471 562 4527 sternutus
576 4473 633 4525 ait:
654 4470 711 4526 Nos
732 4473 802 4527 enirn
824 4489 914 4527 surrtus
927 4442 953 4501 D
967 4474 1093 4529 admonet
1117 4474 1210 4529 dicens
1232 4471 1417 4538 :Clarissimi
1443 4473 1548 4527 obsecro
1570 4490 1613 4527 uos
1635 4482 1759 4544 tanquam

123 4563 300 4626 circumcisio,
323 4563 367 4634 qui
387 4563 481 4633 spiritu
504 4561 558 4615 Deo
582 4562 719 4624 ceruimus,
735 4571 759 4617 et
771 4561 916 4633 ptorrumur
966 4566 1079 4620 odoenus
1095 4574 1119 4619 et
1132 4566 1291 4636 percuciens,
1308 4565 1492 4620 abstineretur
1504 4583 1520 4619 o
1533 4565 1682 4619 carnotibus
1694 4563 1761 4618 desi·

122 4652 154 4706 in
166 4650 269 4706 dirimo
280 4650 347 4706 teor
362 4651 445 4721 (Ptrt.
468 4651 521 4722 ιιι).
543 4651 583 4706 Ac
606 4651 628 4706 si
643 4651 748 4707 diceret
769 4652 915 4708 causaliter
966 4657 1046 4711 deuiis
1060 4656 1085 4730 (1
1100 4654 1173 4711 Pctr.
1190 4657 1231 4727 ιι).
1246 4656 1345 4728 Aperte
1358 4663 1448 4711 autem
1458 4673 1508 4711 nos
1523 4657 1601 4711 docet
1616 4655 1760 4711 neamali-

123 4742 295 4798 circnmcisis
310 4761 317 4796 ε
331 4743 384 4799 llos
407 4743 473 4798 estis
497 4743 668 4798 circumcisio
692 4743 771 4813 pellis
790 4746 916 4817 praeputii
967 4747 1017 4800 bus
1030 4747 1167 4802 abstinere
1178 4747 1331 4813 desideriis,
1345 4748 1409 4820 qnia
1422 4749 1552 4803 aduersus
1564 4756 1761 4804 nostramscru-

123 4833 226 4898 uestri,
246 4848 296 4888 nos
317 4834 487 4888 circumcisio
512 4834 601 4888 cordis
623 4844 650 4888 et
672 4835 795 4904 corporis
818 4835 914 4889 nostri.
968 4853 1016 4906 per
1030 4837 1297 4893 militantauimam:
1319 4849 1346 4895 ct
1360 4840 1424 4894 dum
1445 4839 1760 4908 concupiscentiisblau-

125 4920 181 4978 llos
193 4923 291 4978 bonam
308 4922 355 4976 Dei
370 4938 385 4976 a
398 4923 475 4978 vobis
496 4923 820 4993 amputatiscreaturam,
832 4939 882 4979 uos
899 4941 915 4980 a
968 4927 1106 4991 dicentibus
1118 4942 1183 4983 caro
1203 4929 1340 4982 enerviter
1353 4927 1521 4998 subjugatur,
1538 4929 1664 4983 vitiorum
1679 4941 1761 4983 exer-

126 5013 207 5069 nobis
220 5014 285 5067 uitia
309 5013 529 5068 circumcidimus
551 5012 730 5081 spiritualiter
743 5022 771 5069 et
790 5022 913 5085 peccata.
969 5018 1039 5072 citus
1066 5017 1181 5072 irrntiter
1210 5019 1340 5073 aduersus
1375 5018 1493 5072 animam
1528 5029 1659 5073 armatur.
1687 5018 1761 5072 Dixit

126 5101 205 5159 Unde
217 5112 245 5157 et
261 5116 311 5158 nos
331 5117 424 5156 snmus
440 5102 621 5165 circumcisio,
646 5101 692 5172 qui
708 5102 807 5172 spiritu
834 5103 918 5158 serri-
970 5107 1053 5162 abbas
1066 5107 1214 5163 Ammonos
1232 5107 1304 5177 qnod
1325 5107 1530 5176 quatuordecim
1553 5122 1638 5162 annos
1654 5109 1760 5162 steterit

126 5212 188 5251 mus
201 5195 268 5260 Deo,
286 5211 338 5250 nou
353 5211 401 5251 uos
420 5197 466 5265 qui
492 5195 624 5249 maculam
645 5195 861 5250 circumcisionis
875 5194 917 5248 in·
970 5196 997 5252 in
1010 5195 1113 5267 Scytbi
1129 5197 1278 5266 deprecans
1293 5196 1377 5250 Deum
1390 5204 1470 5252 nocte
1483 5211 1515 5251 ae
1529 5197 1584 5263 die,
1599 5204 1630 5250 ut
1648 5196 1760 5250 donaret

125 5284 227 5338 ducitis
236 5285 343 5354 corpori
355 5295 454 5341 restro.
470 5284 548 5353 Qtrod
561 5295 651 5340 autem
665 5286 740 5345 dicit.
756 5283 916 5340 Nossemus
969 5285 994 5341 ei
1006 5286 1132 5341 virtutem
1143 5284 1290 5354 superandi
1305 5299 1427 5340 carnem.

124 5374 300 5438 circumcisio,
316 5376 362 5447 orti
375 5377 469 5448 spiritu
487 5379 614 5432 serrimrrs
627 5376 694 5441 Deo,
706 5376 760 5431 tale
772 5385 824 5441 est,
839 5378 916 5446 quasi

124 5462 248 5518 diceret:
265 5463 320 5521 Nos
334 5481 428 5522 sumus
442 5467 592 5537 spiritualis
613 5467 828 5523 circumcisionis
837 5465 917 5535 justi-

126 5551 243 5621 tia,quiu
256 5553 362 5623 justitia
384 5556 540 5627 spirituales
558 5555 657 5622 effecti,
680 5557 858 5627 spiritualiter
869 5571 917 5612 no·

124 5650 186 5698 stro
200 5646 332 5703 senuimus
344 5646 467 5703 tuenti.
487 5645 546 5702 Non
560 5647 632 5702 cuim
648 5647 735 5703 dixit:
751 5645 805 5703 iios
822 5662 917 5703 snmus

1253 5376 1369 5433 CAPUT
1388 5378 1477 5434 Ll'lll.

1220 5465 1368 5535 defructu
1386 5468 1510 5537 justitie.

1003 5555 1120 5616 lacobus
1143 5555 1282 5625 apostolus
1309 5557 1348 5609 ait
1371 5574 1377 5609 z
1405 5554 1519 5607 Fructus
1539 5560 1626 5605 nutem
1648 5548 1758 5616 iustitie

970 5649 997 5703 in
1015 5663 1079 5719 pace
1104 5647 1249 5702 seminetur
1273 5646 1431 5715 incientibus
1455 5658 1544 5714 pacem
1572 5639 1677 5714 (tuest.
1702 5639 1758 5712 ιιι).
