3810 6120
145 319 197 378 ⁶57
251 290 252 294 ‘
754 311 903 368 nunnus
926 307 1175 368 rreuueuonun
1726 312 1779 370 ⁰58

144 437 456 505 neminemneminer
474 428 549 481 illum
569 426 594 499 (l
609 427 671 482 Cor.
689 426 741 500 ιιι).
758 426 840 496 Graius
852 425 938 496 parti·
950 428 974 488 Α
988 439 1128 479 ceronam.
1145 422 1247 492 Duplex
1263 430 1304 478 est
1317 423 1390 478 enim
1404 439 1490 493 genus
1504 426 1678 491 tentationis,
1693 444 1776 485 unum

144 521 282 592 cipatione
308 519 400 575 lldeles
426 518 530 587 lapides
555 519 609 573 uri
636 518 798 583 efficiuntur,
822 518 867 588 qui
882 531 931 586 per
982 513 1054 582 queri
1067 512 1175 583 decipit,
1198 513 1313 567 alterurn
1327 514 1399 582 qnod
1420 516 1526 584 prohat.
1544 514 1699 572 Secundum
1723 507 1797 576 laoc'

144 614 333 672 infidelitatem
353 613 455 681 lapides
478 613 577 667 mortui
602 612 724 676 lucrant,
750 612 809 666 duri
829 611 933 666 scilieet
982 605 1053 673 quod
1069 604 1178 675 decipit,
1193 606 1395 675 scriptumest:
1410 604 1773 674 Nema,camtentatur,di-

143 717 172 767 0t
184 706 369 770 insensibiles,
383 705 481 774 quinus
495 705 592 759 merito
607 705 762 759 dicunntur:
777 703 932 773 Ausnrnmu
982 702 1024 747 cat
1037 695 1105 764 qued
1118 712 1134 748 a
1148 693 1202 748 Deo
1221 705 1349 749 tentatur.
1369 695 1438 750 Deus
1453 699 1522 750 enim
1538 699 1669 752 erraneam
1690 709 1773 754 tentat

143 797 419 866 reiiscorlanideum,
434 795 533 850 etdaia
542 796 613 850 nodia
625 813 670 849 cor
682 812 806 850 carneum
821 794 929 865 (licerit.
983 783 1126 855 (taenari.
1136 784 1289 840 Secundum
1303 787 1367 842 illud
1379 788 1449 857 qtrod
1462 788 1568 858 probat.
1582 788 1653 843 Deus
1665 793 1773 845 tentarit

143 887 252 958 xxxva),
262 885 488 940 docibilescilicet
502 886 535 938 ad
548 885 733 956 evangelicam
748 885 931 954 recipiendam
982 872 1115 927 Ailsslfflm
1128 872 1204 942 iflssd·
1219 877 1297 946 ΠΜ·
1314 878 1351 932 De
1364 894 1416 946 qua
1434 879 1582 934 ῑθῡῑθῑῑῡῦθ
1596 891 1623 934 et
1635 880 1771 950 Pl⁰l¹¹¹0¹²

142 972 313 1040 doctrinam,
337 984 367 1028 ut
384 983 512 1042 tanquam
535 974 637 1043 lapides
660 975 715 1028 riri
735 974 769 1028 ad
794 972 932 1044 spirituale
982 964 1121 1033 postulans
1132 964 1274 1020 Dominum
1286 967 1360 1021 dicit.
1372 965 1461 1020 Proba
1474 985 1523 1032 me,
1537 969 1690 1034 Domine,et
1701 982 1772 1025 tenta

58 1094 62 1105 ·
141 1063 286 1120 ,edificium
311 1069 456 1132 aptentur,
482 1063 528 1132 qui
553 1080 602 1134 per
621 1064 811 1119 discretionem
832 1045 931 1118 eruditi
982 1070 1022 1107 me
1044 1053 1130 1125 (Ptol.
1146 1056 1220 1129 xxti.
1237 1057 1374 1128 Scriptum
1388 1067 1431 1114 est
1445 1068 1472 1115 et
1485 1061 1548 1115 alilri
1573 1079 1580 1115 ε
1605 1061 1674 1117 Vasa
1694 1063 1771 1134 figuli

141 1152 272 1216 ductoris,
288 1153 436 1222 amputatis
449 1154 554 1208 antinus
575 1162 602 1208 ut
616 1153 824 1224 cogitationibus
838 1168 932 1223 supun-
981 1146 1072 1216 prabat
1085 1146 1191 1215 fornas,
1205 1150 1321 1221 leontines
1338 1161 1424 1206 autem
1435 1153 1522 1222 justos
1538 1156 1647 1208 tertiatio
1660 1154 1771 1210 tribula-

140 1242 213 1309 Duis,
228 1245 303 1299 velut
323 1245 377 1299 ictu
401 1244 570 1313 quadrantur
593 1245 707 1300 securis.
723 1244 804 1311 Lapis
829 1243 930 1298 etenim
982 1232 1369 1309 lfotf⁶(E⁶⁶¹t'·¹¹t¹¹)·[Greia
1394 1238 1496 1294 Homll·
1519 1243 1546 1296 in
1568 1242 1681 1312 Eleum,
1698 1244 1718 1297 l·
1743 1263 1769 1308 ι,

140 1339 262 1408 quadrus
284 1339 310 1392 jn
332 1338 511 1408 quodcunque
532 1336 603 1392 latus
623 1353 718 1392 versus
741 1335 833 1399 fuet-ii¹
856 1348 932 1403 mque
981 1323 1051 1376 hom.
1067 1323 1121 1396 iim]
1137 1326 1235 1381 Tribus
1250 1328 1322 1381 eniti}
1344 1330 1431 1384 mollis
1445 1332 1559 1385 ῑθῐίῑθῑίθ
1575 1333 1683 1402 agitur:
1702 1333 1772 1404 slig-

140 1434 196 1481 stnt
210 1423 311 1498 wien,
334 1426 381 1480 tii,
403 1442 421 1480 n
443 1442 521 1495 sunni
536 1425 648 1491 niuniu,
672 1427 743 1478 nun,
764 1422 821 1495 eti
838 1422 931 1477 Justus
981 1414 1111 1483 gestione,
1137 1414 1325 1481 delectatione,
1350 1431 1494 1473 consensu.
1525 1417 1702 1490 Suggestionc
1723 1423 1771 1476 lto-

139 1531 208 1571 nnnu
220 1516 267 1587 qui
280 1516 307 1571 iu
320 1516 607 1586 nnnsnunitntinusnnn
618 1514 748 1580 eluuntur,
761 1514 932 1569 adversitati.
981 1504 1042 1568 stis,
1057 1505 1236 1560 delectatione
1248 1514 1339 1561 autern
1354 1507 1396 1561 rel
1415 1508 1497 1561 etiam
1512 1524 1646 1563 consensu
1670 1519 1770 1564 nostrae

139 1605 193 1661 Dus
211 1619 265 1660 non
281 1604 425 1676 lrangitur,
445 1605 689 1674 vituperationibus
710 1619 763 1659 non
786 1601 928 1669 dejicitur,
981 1592 1144 1664 tragilitatis.
1164 1594 1241 1660 Quod
1262 1597 1284 1650 si
1301 1597 1380 1651 hoste
1397 1607 1559 1669 suggerente
1575 1598 1704 1653 delectari
1723 1607 1770 1653 aut

133 1692 316 1748 sessionibus
331 1693 364 1747 ad
388 1693 489 1747 malurn
509 1708 562 1748 non
585 1693 712 1756 trahitur,
729 1692 796 1761 lapis
811 1691 931 1761 quadrus
980 1686 1134 1742 consentire
1148 1695 1259 1756 peccato
1274 1686 1412 1754 nolumus,
1431 1690 1544 1745 tentatio
1559 1690 1617 1759 ipsa
1632 1690 1711 1745 nobis
1734 1691 1769 1744 ad
1807 1715 1814 1730 ·

140 1789 192 1838 est.
209 1781 285 1837 Sicut
298 1783 370 1837 enim
391 1783 486 1838 ordine
500 1782 602 1853 lapides
614 1784 641 1837 in
656 1782 760 1854 pariete
774 1789 927 1850 portantur,
944 1775 1120 1844 Brictoriam
1134 1777 1265 1844 provenit,
1279 1793 1331 1846 qua
1344 1793 1472 1833 eoronam
1486 1780 1549 1835 ritae
1560 1795 1715 1835 mereamur
1726 1796 1769 1835 ac-

140 1870 187 1926 alii
202 1873 236 1926 ab
249 1872 325 1937 aliis;
341 1871 378 1926 ita
391 1881 534 1941 portantur
545 1873 662 1929 tidelcsa
675 1872 889 1942 praecedentius
899 1871 927 1925 in
979 1863 1079 1933 cipere·
1095 1863 1224 1919 Teutalus
1247 1874 1288 1920 cst
1301 1863 1351 1919 lob
1369 1867 1564 1937 multiplieiter,
1579 1869 1627 1922 scd
1641 1869 1704 1937 quia
1718 1883 1768 1924 nec

139 1959 261 2016 Ecclesia
272 1959 363 2028 justis.
379 1960 492 2015 Portant
506 1969 532 2015 et
545 1961 597 2031 ipsi
612 1976 660 2030 per
675 1960 825 2016 doctrinam
845 1967 872 2014 et
886 1966 928 2013 to-
977 1957 1171 2026 possessiones,
1196 1973 1245 2013 nec
1269 1959 1384 2014 salutem
1408 1962 1538 2029 corporis,
1565 1962 1656 2016 divino
1680 1961 1767 2017 amori

137 2049 283 2105 lerantiarn
298 2061 453 2119 sequentes,
467 2059 495 2105 et
514 2050 566 2105 lroc
576 2050 670 2106 ordine
684 2048 729 2103 ulii
744 2050 778 2104 ab
792 2049 853 2102 aliis
866 2063 928 2117 por·
977 2056 1172 2123 preposuerat,
1190 2049 1287 2102 tentari
1304 2049 1412 2118 quidem
1428 2050 1599 2121 suggestione
1611 2051 1703 2105 hostili
1718 2066 1767 2121 pa·

139 2148 233 2194 untur
249 2138 318 2209 justi
339 2139 471 2210 usquead
492 2139 746 2207 ultimnmt'ustum.
762 2138 889 2207 Quicum
910 2154 926 2193 a
977 2137 1039 2200 tuit,
1065 2138 1112 2192 sed
1137 2139 1290 2192 consentire
1314 2139 1356 2192 rel
1380 2139 1475 2193 saltem
1498 2140 1627 2195 delectari
1642 2150 1766 2210 peccato,

138 2231 275 2300 prioribus
298 2240 432 2302 portetur,
446 2248 527 2302 quem
541 2240 649 2302 portare
664 2233 770 2295 debent,
793 2232 850 2300 ipse
872 2245 925 2284 nan
976 2228 1130 2283 nullatenus
1145 2228 1261 2283 valebat.
1278 2229 1352 2283 Dixit
1366 2230 1449 2284 abhas
1461 2230 1594 2284 Antonius
1608 2231 1700 2285 obirati
1715 2230 1766 2284 Pa·

137 2319 249 2376 habehit
263 2329 430 2391 sequentem.
446 2322 497 2388 Qui
511 2331 602 2376 autem
617 2298 926 2389 omneaedillciumpar-
976 2318 1044 2372 steri
1067 2337 1073 2370 z
1089 2317 1146 2372 llne
1161 2329 1202 2372 est
1226 2335 1353 2388 magnum
1367 2333 1435 2389 opus
1457 2319 1585 2385 hominis,
1607 2329 1637 2374 ut
1660 2320 1767 2390 culpam

136 2416 189 2474 tat,
201 2417 229 2464 et
241 2408 299 2479 ipse
321 2425 336 2464 a
362 2410 468 2465 nemine
491 2417 625 2479 portatur,
643 2409 773 2465 Dominus
787 2417 830 2464 est
847 2405 926 2462 curt-
976 2423 1052 2464 snam
1066 2423 1149 2477 super
1161 2408 1278 2478 seipsum
1298 2409 1487 2480 unusquisque
1501 2420 1585 2480 ponat
1598 2426 1689 2466 coram
1711 2411 1766 2466 Do-

136 2509 207 2556 stns.
223 2498 301 2556 linde
316 2509 344 2555 et
356 2499 424 2571 inpia
439 2500 596 2572 apropheta
615 2501 744 2571 pretiatur
755 2508 876 2562 vacatur,
897 2499 924 2553 in
975 2497 1061 2562 mino,
1082 2505 1110 2551 et
1129 2505 1269 2567 exspectet
1291 2500 1467 2555 tentationem
1485 2504 1618 2570 usquead
1642 2502 1766 2558 ultimum

137 2589 310 2658 fondamento
337 2589 465 2662 fundatas
481 2589 549 2658 tlaa.
564 2589 672 2661 xxuu).
686 2589 752 2645 ltem
765 2591 841 2646 uiros
855 2588 924 2659 lapi·
974 2589 1037 2644 ritae
1054 2604 1110 2643 suae
1124 2597 1239 2658 tempus.
1264 2589 1375 2645 Dicelmt
1397 2591 1507 2661 quidam
1522 2607 1606 2647 senex
1629 2612 1636 2647 :
1652 2593 1766 2661 Quando

135 2680 186 2736 des
206 2679 351 2752 Apostolus
365 2679 480 2751 appellat
495 2681 607 2744 electos,
623 2688 654 2734 ut
667 2687 792 2735 nonatum
804 2679 923 2735 insinuet
975 2690 1123 2748 tentamur,
1147 2689 1213 2736 tune
1234 2681 1321 2752 magis
1334 2681 1518 2737 humiliamur.
1542 2682 1676 2750 Quoniam
1695 2685 1766 2741 Deus
1815 2731 1818 2740 .

135 2768 215 2825 bonae
234 2771 348 2826 actionis
361 2785 466 2826 eomm.
484 2770 581 2825 llertui
600 2784 725 2838 namque,
741 2770 768 2825 id
781 2777 824 2824 est
836 2777 925 2824 mate·
974 2775 1064 2831 sciens
1080 2772 1264 2827 infirmitatem
1278 2780 1410 2838 nostram,
1421 2774 1540 2844 protegit
1558 2790 1622 2839 nos;
1636 2776 1658 2832 ri
1674 2784 1765 2831 autem

135 2858 219 2914 riales
235 2858 348 2930 lapides,
364 2861 517 2930 ubicunque
531 2874 547 2914 a
565 2868 699 2915 structore
708 2859 789 2929 positi
805 2858 921 2926 luerint,
974 2864 1132 2935 gloriamur,
1144 2863 1233 2918 aulert
1248 2879 1264 2918 a
1278 2864 1357 2919 nobis
1369 2865 1566 2934 protectionem
1579 2881 1668 2929 suam,
1680 2875 1707 2922 et
1718 2881 1764 2936 pe-

134 2948 330 3004 inaenslbiliter
341 2957 463 3017 manent,
479 2950 617 3005 autetiam
631 2948 699 3019 lapsi
714 2947 848 3004 decidunt.
864 2947 923 3003 Non
974 2955 1069 3010 rimus.
1085 2953 1272 3009 Narrarerunt
1285 2955 1318 3010 de
1332 2955 1450 3024 quodam
1465 2970 1529 3011 sene
1543 2957 1607 3026 qnia
1626 2957 1723 3012 sedens
1735 2958 1764 3011 in

135 3050 261 3108 errones
272 3037 474 3092 beatusl‘etms
489 3038 583 3093 atium
596 3037 715 3107 lapidum
727 3037 923 3093 insensimttu-
975 3044 1054 3109 aetla,
1068 3053 1096 3100 er
1110 3045 1247 3100 sustineas
1259 3045 1432 3110 cantationes,
1447 3046 1555 3100 videbat
1565 3047 1700 3102 emanas
1708 3061 1766 3100 rna-

134 3134 191 3183 tem
204 3129 263 3184 rnlt
275 3129 386 3196 imitari,
402 3131 450 3186 sed
471 3138 599 3202 tanquam
622 3131 724 3202 lapides
738 3133 814 3188 rivos
828 3131 922 3187 lunda·
937 3108 959 3169 C
975 3132 1074 3188 nileste
1089 3143 1117 3189 et
1130 3136 1322 3190 contemnebat
1334 3149 1390 3190 eos.
1407 3134 1475 3190 Cum
1495 3142 1584 3190 autem
1600 3136 1723 3191 diabolus
1736 3151 1766 3191 se

135 3227 231 3275 ntento
243 3219 343 3277 Christi
367 3223 593 3293 superaedificari3
622 3234 652 3280 ut
666 3227 793 3283 videlieet
810 3225 923 3295 jurante
974 3225 1081 3279 rideret
1093 3224 1191 3279 rirreia
1206 3211 1281 3289 sene,
1296 3225 1380 3290 uenit,
1395 3231 1423 3278 et
1434 3226 1580 3280 ostendens
1591 3240 1620 3280 se
1630 3224 1666 3290 ei,
1678 3225 1764 3280 dixit:

134 3322 187 3366 nos
198 3311 286 3382 gratia
299 3310 358 3378 Dei,
373 3313 459 3367 sobrie
477 3313 582 3385 etjurte
593 3325 618 3369 et
640 3316 682 3385 pie
696 3315 810 3371 sinamur
825 3317 854 3371 in
874 3316 922 3369 lroc
974 3314 1031 3385 Ego
1043 3329 1103 3369 sum
1117 3314 1252 3369 Christus.
1266 3314 1367 3369 Videas
1380 3324 1471 3370 autem
1488 3330 1550 3370 eum
1561 3330 1655 3378 senex,
1668 3313 1766 3368 clausit

133 3399 232 3456 nenio
245 3400 307 3474 (ru.
323 3402 365 3476 ιι).
382 3403 522 3475 Tanquam
539 3405 609 3475 lapis
622 3420 687 3476 ergo
710 3406 788 3461 virus
801 3405 921 3461 acdillca-
973 3406 1067 3463 oeulos
1079 3420 1153 3459 suos.
1170 3403 1205 3458 lit
1216 3404 1284 3458 dixit
1295 3404 1319 3457 ei
1333 3404 1474 3459 diabolus:
1488 3403 1545 3474 Ego
1557 3419 1616 3458 snm
1626 3403 1763 3469 Christus,

133 3498 180 3547 tar
198 3491 375 3549 achristoin
390 3494 550 3564 domarius,
576 3495 740 3566 quicunque,
757 3499 875 3551 donante
895 3504 923 3551 et
974 3509 1060 3563 quare
1076 3492 1197 3548 clausisti
1212 3492 1306 3547 oeulos
1329 3491 1407 3547 tuosl
1423 3492 1456 3546 Et
1478 3491 1643 3561 respondens
1663 3503 1764 3555 senex,

134 3580 283 3654 adiormte
296 3585 367 3656 ipso,
380 3584 460 3641 bonis
471 3585 623 3642 indelessus
634 3585 760 3642 insistere
773 3594 850 3641 curat
863 3601 924 3655 ape·
974 3586 1043 3643 dixit
1056 3586 1081 3640 ei
1096 3600 1104 3640 ε
1119 3584 1175 3654 Ego
1186 3585 1326 3640 Christum
1347 3585 1392 3640 hie
1412 3583 1475 3639 nola
1487 3584 1589 3650 ridere,
1607 3583 1655 3638 sed
1669 3582 1698 3637 in
1718 3580 1765 3638 illa

133 3675 222 3731 rimas.
235 3674 265 3731 ln
283 3677 381 3747 templo
394 3677 530 3749 ergoriro
543 3684 571 3733 et
585 3686 681 3734 saneto
694 3693 748 3733 non
762 3684 873 3748 possunt
884 3676 923 3732 la·
973 3678 1038 3733 rita.
1052 3676 1388 3742 sustentaculorum,
1404 3674 1630 3745 noncompamit.

132 3764 211 3836 pides
222 3766 296 3837 ponl,
312 3767 365 3823 nisi
379 3767 433 3823 rivi
447 3777 474 3823 et
487 3770 583 3824 sancti.
598 3768 670 3840 llrgo
682 3770 756 3824 omni
770 3769 862 3824 labore
881 3769 920 3823 ni-

133 3855 245 3909 tendum
260 3864 302 3911 est
316 3866 345 3912 ut
358 3857 442 3914 simus
464 3859 501 3913 illi
514 3861 618 3930 lapides
628 3861 662 3916 de
677 3861 776 3933 quibus
790 3862 922 3930 scriptum

134 3950 178 3998 est
192 3961 200 3998 z
212 3942 324 4015 lapidea
344 3947 394 4002 cici
407 3947 546 4003 calcantur
562 3960 752 4021 superterram
766 3949 859 4023 (Zaclr.
883 3967 922 4016 rx,

1259 3766 1372 3823 CAPUT
1391 3767 1471 3822 Lilll.

1059 3856 1098 3912 De
1112 3857 1257 3926 cognitione
1270 3855 1374 3909 Domini
1390 3856 1474 3910 nostri
1485 3854 1549 3910 iesu
1560 3854 1657 3910 Christi

1009 3945 1107 4001 Petrus
1129 3945 1267 4014 apostolus
1290 3946 1329 3998 ait
1351 3963 1356 3997 :
1381 3943 1474 3998 Gratia
1490 3945 1560 3999 noan
1573 3955 1597 3998 et
1611 3962 1664 4014 pan
1676 3945 1762 3997 adinr-

129 4033 212 4102 inxta
226 4032 337 4107 att),
363 4032 391 4093 et
408 4054 469 4094 curn
494 4039 690 4096 lucrimusuiri
706 4041 816 4112 lapides,
842 4051 870 4097 ct
889 4059 922 4097 es
973 4035 1076 4105 plentur
1101 4036 1129 4089 in
1153 4035 1299 4104 cognitione
1322 4034 1430 4088 Domini
1453 4037 1536 4087 nostri
1560 4034 1624 4088 Jceu
1648 4033 1760 4099 Cariati,

134 4122 209 4176 ornari
223 4131 301 4192 parte
311 4124 405 4193 dolati,
420 4128 583 4184 aedificentur
596 4130 622 4185 in
637 4132 764 4202 templum
779 4151 784 4184 :
798 4140 825 4186 ct
837 4133 923 4187 simus
973 4126 1101 4196 quomado
1116 4126 1205 4179 anania
1221 4125 1295 4179 nolis
1308 4125 1403 4179 diuinae
1416 4127 1518 4179 rietatis
1531 4142 1586 4180 aaa
1600 4127 1635 4179 ad
1646 4128 1725 4179 eitam
1737 4135 1763 4180 et

134 4227 198 4267 eum
221 4217 349 4285 apostolis
376 4227 405 4273 et
423 4221 565 4290 prophetis
586 4222 763 4277 tiuiitnuuiuni
789 4223 838 4277 Dei
860 4241 923 4278 suu.
973 4219 1094 4287 pietatem
1112 4217 1209 4270 dentata
1223 4225 1283 4269 sunt
1298 4233 1345 4286 per
1357 4216 1529 4285 cognitionem
1556 4216 1670 4286 citaequi
1686 4232 1762 4271 uoca-

134 4312 217 4369 ctam,
231 4305 378 4375 spirituale,
394 4326 446 4363 non
457 4311 638 4380 manufactum
653 4311 732 4366 illei.
749 4318 799 4381 rx).

423 4400 538 4458 catut
556 4403 623 4457 cxl.

329 4490 367 4545 De
379 4493 532 4560 sufferentia
547 4495 727 4547 tentationum.

175 4577 272 4632 {leatus
285 4583 325 4633 cir
344 4578 394 4650 (ait
407 4579 523 4636 lacobus
538 4582 684 4651 apostolus)
700 4583 744 4653 qui
758 4583 851 4652 suffer
861 4593 919 4637 ten-

134 4666 271 4731 tationm,
285 4670 408 4737 quoniam
422 4685 481 4723 cum
494 4671 619 4740 probatus
635 4671 724 4740 fuerit,
742 4673 851 4742 accipiet
872 4690 919 4725 ca-

135 4770 229 4809 renam
253 4758 323 4823 ritoe,
342 4774 421 4828 quarn
444 4761 591 4831 repromisit
616 4760 685 4814 Deua
707 4760 874 4831 diligentibus
893 4778 920 4815 re

136 4843 242 4912 (tacet.
258 4844 289 4916 ι).
303 4845 371 4902 lluic
386 4848 472 4903 simile
485 4856 528 4903 cst
540 4848 604 4902 illud
624 4849 650 4902 in
662 4848 832 4920 Apocalypsi.
856 4849 919 4904 Esto

134 4931 222 5000 tidelis
236 4951 317 5004 usque
331 4935 365 4988 ad
379 4947 498 5001 mertem,
522 4947 546 4991 et
559 4937 626 4990 dubo
649 4937 695 4991 tibi
709 4954 832 4992 eoronam
847 4939 918 5004 vitre,

133 5035 213 5088 qaam
220 5023 377 5090 repromisit,
386 5023 483 5092 inquit,
494 5024 563 5077 Deua
569 5024 736 5094 diligentibus
743 5024 869 5097 re(rlpoc.
877 5024 919 5095 ni.

132 5107 236 5178 Aperte
251 5109 400 5165 admonens
410 5111 472 5180 quia
485 5121 561 5167 tarrto
571 5113 686 5182 amplius
697 5113 815 5183 gaudere
826 5114 852 5167 in
863 5121 922 5167 ten·
942 5132 954 5146 ·

133 5200 284 5255 tationilms
302 5210 418 5271 oportet,
436 5212 537 5271 quanto
558 5202 659 5258 certius
673 5203 759 5257 claret
782 5203 866 5257 Deum
888 5202 921 5256 iis

132 5302 204 5359 qnos
217 5288 305 5361 diligit
325 5290 415 5358 majus
436 5307 507 5362 saepe
521 5293 700 5347 tentationum
713 5295 817 5363 pondus
832 5293 919 5362 impo-

132 5393 212 5442 nere,
226 5389 256 5434 nt
268 5379 373 5437 scilieet
382 5395 430 5450 per
443 5383 621 5437 tentationum
631 5384 789 5438 exercitium
804 5384 921 5454 proben-

132 5480 179 5524 tur
193 5467 221 5522 in
233 5469 285 5524 lide
298 5469 421 5539 perlecti.
433 5469 499 5526 Cum
512 5480 601 5527 numm
611 5472 716 5542 probati
729 5472 832 5527 luerint
843 5489 921 5528 vera·

130 5561 204 5614 citer
215 5573 277 5614 csse
288 5559 392 5626 lideles,
407 5562 459 5617 hoc
468 5570 521 5627 est,
533 5562 644 5633 perlecti
658 5572 686 5619 et
697 5565 793 5635 integri
805 5564 831 5618 in
846 5566 920 5621 nullo

130 5650 302 5719 nescientes,
324 5651 384 5722 inre
397 5655 529 5725 accipient
544 5656 705 5727 promissam
726 5667 834 5712 aeternae
859 5657 921 5713 ritae

975 4309 1007 4360 rit
1022 4323 1068 4359 nos
1077 4306 1183 4377 propria
1199 4303 1283 4375 gloria
1295 4315 1320 4358 et
1332 4306 1426 4358 virtute
1439 4304 1481 4376 (11
1495 4303 1567 4358 Petr.
1591 4306 1622 4376 ι).
1636 4305 1675 4360 lic
1688 4306 1710 4359 si
1723 4305 1763 4359 tli-

975 4405 1048 4451 ccrct
1062 4414 1068 4448 :
1083 4395 1270 4464 Adirupleatur
1284 4394 1360 4450 robis
1374 4396 1461 4466 gratia
1476 4395 1502 4448 in
1516 4409 1559 4460 eo,
1575 4403 1605 4448 ut
1618 4395 1761 4450 Dominum

975 4494 1096 4540 nostrum
1113 4485 1205 4540 lesum
1229 4485 1365 4541 Christum
1385 4487 1504 4556 perfecte
1526 4487 1704 4557 cognoscatis.
1728 4486 1763 4540 Et

972 4579 1023 4632 hoc
1037 4592 1145 4647 quoquc
1168 4578 1256 4632 adhuc
1276 4593 1325 4648 per
1346 4594 1408 4633 eum
1430 4580 1610 4649 cognoscatis,
1627 4580 1761 4649 quomodo

971 4669 1060 4722 emnia
1074 4667 1152 4723 nobis
1164 4668 1261 4723 dirime
1274 4669 1383 4723 virtutis
1394 4684 1450 4724 sure
1460 4670 1559 4724 donata
1570 4677 1633 4724 sunt
1642 4685 1691 4740 per
1703 4668 1761 4737 ejus

970 4758 1097 4827 gratiam,
1109 4774 1168 4829 quan
1183 4759 1217 4812 ad
1231 4759 1314 4813 vitam
1328 4760 1502 4815 obtinendam
1515 4768 1542 4814 ct
1554 4761 1684 4829 pietatem
1698 4775 1760 4814 cou-

970 4848 1132 4903 serrnndam
1155 4849 1298 4905 sullieiant.
1323 4851 1393 4918 Quia
1416 4861 1518 4922 quanto
1541 4853 1603 4922 quis
1616 4852 1761 4922 perlectius

972 4940 1116 4994 Dominum
1133 4941 1283 5010 cognoscit,
1301 4951 1376 4998 tanto
1392 4943 1473 4997 altius
1485 4945 1683 5014 promissorum
1702 4944 1761 5012 ejus

971 5029 1184 5098 magnitudinem
1200 5028 1377 5088 seutitsslliuc
1390 5041 1418 5087 et
1430 5032 1530 5087 Paulus
1542 5034 1578 5088 ait
1594 5052 1600 5087 :
1615 5034 1656 5087 Ad
1678 5051 1759 5103 apaa-

971 5115 1096 5171 scendum
1124 5116 1198 5172 iilum
1213 5127 1237 5173 et
1252 5119 1374 5175 uirtutem
1393 5124 1591 5178 resurrectionis
1608 5125 1666 5195 ejus
1680 5122 1758 5195 (Plri-

971 5206 1017 5277 iip.
1033 5206 1086 5279 ιιι).
1101 5206 1226 5279 Cognitio
1238 5210 1309 5264 enim
1332 5212 1453 5281 mysterii
1476 5214 1671 5270 incarnationis
1683 5213 1758 5280 cius,

972 5297 1107 5366 passienis
1130 5305 1159 5351 et
1172 5300 1398 5367 resurrectionis,
1422 5302 1554 5373 perlectio
1581 5304 1644 5357 ritae
1668 5311 1708 5356 est
1732 5307 1760 5352 et

972 5389 1117 5466 tiresaurus
1132 5389 1283 5458 sapientiae.
1298 5391 1352 5446 Per
1367 5394 1549 5464 cognitionem
1562 5394 1634 5447 enirn
1648 5386 1756 5444 Domini

972 5489 1001 5537 et
1013 5479 1164 5536 Salinatoris
1179 5481 1268 5536 nostri
1289 5479 1353 5538 lesu
1378 5483 1479 5541 Christi
1502 5483 1593 5538 omnia
1609 5478 1759 5535 divinitatis

974 5569 1032 5638 ejus
1045 5568 1174 5640 mysteria
1187 5569 1286 5641 quibus
1300 5568 1446 5637 solvamur,
1460 5570 1639 5642 agnoscimus.
1658 5567 1756 5636 Tripli-

974 5660 1043 5715 citer
1056 5659 1129 5713 eninr
1145 5659 1360 5729 adagnitionem
1383 5660 1484 5715 Christi
1500 5659 1600 5725 tenire,
1616 5658 1757 5730 Scriptura
