3810 6120
35 344 38 351 ,
127 280 177 340 sat
225 310 234 339 .
770 272 948 335 ammam
966 272 1117 332 maurus
1716 284 1773 345 η,

127 379 245 451 nedem
259 394 297 452 Os
309 400 401 450 autem
411 393 510 450 dieitur
520 382 647 463 corporis
655 387 809 445 membrum
820 395 849 444 et
857 402 921 443 oor-
932 387 960 449 Α
972 393 1026 456 tur,
1042 389 1113 446 doxa
1126 396 1218 446 autem
1230 388 1315 462 gioria
1328 400 1450 450 vocatur.
1464 393 1536 466 Ergo
1556 398 1702 457 orthodoxi
1718 403 1773 461 riri

129 487 172 543 dis
194 501 336 542 arcanum.
357 484 434 541 Unde
452 490 481 538 et
498 480 645 538 efficaciter
660 479 721 537 laus
744 479 836 536 dana
857 494 923 535 oan-
973 480 1160 553 rsetaptoria
1173 481 1227 538 dici
1238 492 1360 554 possunt.
1376 484 1507 543 Catholici
1518 502 1583 546 uero
1598 491 1772 555 uniuersales

129 586 214 634 mur,
974 575 1176 646 sengeneraies
1186 576 1565 647 mnrpretantur.1iononim
1581 585 1771 653 perhaeresim

164 669 215 726 Gai
237 668 435 740 saijanpeadas
456 677 494 722 est
516 666 610 720 tertias
633 662 751 736 psalmas
771 671 796 718 et
817 660 921 718 Gloria.
974 669 1022 721 ant
1032 663 1151 719 schisma
1162 666 1197 720 ab
1211 666 1359 722 universali
1371 678 1549 740 segregantur
1563 671 1697 731 Emissis.

129 761 253 817 Psalmus
272 775 323 830 pro
335 760 492 828 operatione
506 758 634 828 ponitur:
649 754 741 810 Gloria
756 756 816 811 isus
828 765 870 810 est
882 753 924 810 di·
1010 749 1074 807 Post
1089 754 1137 810 bas
1150 772 1209 810 aero
1230 766 1282 811 tres
1301 755 1424 813 lectiones
1437 775 1498 813 ιιιιιι
1515 765 1688 832 responsoriis
1701 769 1773 835 sais,

129 856 204 920 aina,
216 870 296 923 uttam
308 855 396 926 angeli
407 853 434 908 in
447 853 526 914 caelo,
539 851 664 907 hominos
675 858 787 905 cantant
800 851 827 904 in
839 857 922 914 term,
973 858 1118 919 manantur
1134 849 1227 922 reliqui
1250 868 1297 907 see
1319 852 1415 923 psalmi
1438 871 1499 909 cans
1513 855 1629 913 Alleluia
1645 861 1771 915 maeadi.

129 947 200 1004 siem
212 947 257 1002 itte
270 947 377 1001 divinus
391 946 534 1000 inchoatur
545 944 663 1013 hymnus
676 960 682 997 :
695 939 786 996 Gloria
799 942 826 995 in
838 940 925 996 saeel-
975 935 1040 995 Post
1054 940 1100 995 itas
1112 939 1188 995 lectio
1201 941 1319 1012 Apostoli
1333 953 1513 1015 rodomanos
1523 946 1602 1007 cattle
1616 950 1773 1014 recitandas

129 1040 167 1095 sis
179 1039 244 1103 Pro,
258 1048 283 1094 ιι
304 1040 332 1093 in
346 1049 417 1093 terra
434 1053 487 1108 pua
509 1034 659 1089 hominibus
682 1033 758 1097 bonae
781 1032 923 1087 uoluntatis
974 1040 1000 1084 ιι
1013 1047 1102 1086 serras
1117 1041 1143 1085 ιι
1156 1034 1314 1103 snpplicatio
1327 1034 1439 1101 litaniae,
1455 1035 1483 1089 id
1497 1047 1546 1101 est,
1561 1035 1774 1107 Tartesiacas,-

131 1131 208 1204 (ιη,
221 1131 262 1202 n).
975 1131 1000 1177 et
1015 1123 1054 1177 sie
1068 1123 1197 1192 finiantur
1218 1124 1314 1196 sieilia
1338 1137 1486 1182 noeturrsae.
1501 1126 1585 1199 liaris
1603 1130 1678 1185 enirn
1698 1132 1775 1201 apud

165 1223 231 1280 Post
243 1226 312 1279 itanc
326 1222 442 1295 psalmas
458 1221 641 1292 nonaperimas
656 1228 766 1291 asemas
780 1235 839 1272 sam
852 1219 923 1272 anti·
975 1212 1084 1271 Gtaecos
1096 1215 1209 1273 Domim
1230 1218 1347 1284 diuitum
1361 1217 1470 1285 eleison,
1485 1221 1616 1277 miserere
1630 1222 1773 1294 interpre-

129 1314 234 1387 pAona,
249 1325 296 1369 ant
313 1325 381 1370 certe
395 1312 588 1369 decantandas.
611 1310 767 1380 Antipbona
782 1325 816 1365 ox
830 1307 925 1363 uraca
976 1314 1058 1363 tatur.
1081 1307 1212 1364 Similiter
1224 1318 1252 1365 et
1266 1308 1368 1366 Christe
1378 1311 1488 1377 eleison,
1500 1312 1621 1379 Christe,
1637 1315 1777 1372 miserere

130 1406 328 1477 interpretatur
340 1422 393 1461 uox
404 1405 554 1476 reciproca,
568 1403 675 1458 duobus
689 1401 793 1457 scilicet
806 1400 925 1454 alterna-
976 1398 1182 1470 interpretatur.

128 1500 179 1554 tim
204 1498 382 1570 psallentibus
406 1497 503 1551 ordine
527 1501 703 1550 commutato.
739 1492 815 1559 Quod
839 1504 926 1562 genuus
1286 1492 1400 1551 CAPUT
1421 1494 1456 1551 X.
1552 1532 1556 1537 .

129 1591 262 1662 psallendi
276 1590 364 1646 Gracci
385 1588 520 1643 inuenisse
538 1586 693 1640 traduntur.
710 1582 788 1652 Apud
811 1581 924 1637 Latinos
1027 1583 1151 1649 Qualiter
1163 1587 1262 1640 astatis
1277 1595 1390 1658 tempora
1404 1598 1499 1658 apator
1512 1600 1640 1644 nocturno
1653 1591 1724 1648 teas

130 1690 219 1736 antem
232 1680 396 1751 imprimitus
405 1677 578 1735 beatissimus
589 1675 749 1730 Ambrosius
761 1672 925 1742 antiphonas
1010 1671 1154 1729 APasclaa
1172 1685 1261 1731 satem
1278 1693 1359 1746 aspre
1376 1677 1411 1730 ad
1439 1675 1571 1732 Kalendas
1597 1676 1775 1748 Nouembris,

130 1771 258 1828 instituit.
938 1747 1077 1832 Bastartis,
1093 1775 1121 1821 ιιι
1136 1783 1216 1838 supra
1229 1767 1329 1822 dictam
1348 1778 1403 1834 est,
1425 1766 1579 1835 psalmodias
1590 1771 1778 1839 quantitaste·

164 1862 235 1919 -lnda
248 1872 374 1934 sequatur
387 1860 589 1917 Ambrosianus.
611 1857 640 1913 ld
655 1863 697 1914 est
718 1858 845 1928 hymnus.
861 1855 927 1909 Am·
976 1867 1087 1922 neuter:
1099 1869 1217 1929 excepto,
1229 1860 1301 1931 qnod
1312 1858 1437 1914 lectiones
1450 1861 1478 1914 in
1490 1860 1588 1924 codice,
1599 1870 1707 1931 propter
1716 1861 1779 1917 irs·

131 1955 288 2010 brosianum
304 1954 377 2019 dicit,
390 1953 433 2009 tel
448 1952 580 2018 divinum,
593 1950 635 2006 ret
648 1950 772 2014 caeleste,
786 1948 813 2003 id
827 1957 870 2002 est
886 1947 927 2003 dl·
976 1951 1081 2005 aitstent
1104 1951 1241 2016 nostiam,
1266 1951 1372 2005 suasisse
1403 1949 1525 2020 lcpamsr
1544 1964 1554 2002 .·
1572 1951 1618 2005 sea
1636 1967 1686 2021 pro
1710 1952 1777 2022 ipsis

129 2044 233 2101 mutuas
245 2045 287 2099 ael
300 2045 407 2100 coelitus
419 2043 591 2115 inspiratum.
606 2041 658 2096 Alii
669 2039 878 2096 Ambrosianum
891 2039 926 2095 ab
976 2041 1060 2096 tribus
1073 2041 1242 2106 laetisnilrss,
1259 2059 1313 2096 ana
1327 2041 1360 2095 de
1387 2037 1471 2095 Veteri
1492 2039 1657 2095 Testamenta
1678 2057 1780 2098 ιιιιιιιι·

130 2133 274 2190 Ambrosio
291 2136 452 2207 hymnorum
464 2136 595 2207 magistro
611 2133 663 2189 dici
676 2131 780 2187 uoluunt.
977 2133 1164 2198 riterdisatar,
1176 2149 1255 2204 paam
1267 2132 1340 2188 breue
1347 2131 1540 2202 responsoriam
1553 2129 1739 2202 subsequutum
1750 2143 1779 2190 st

166 2223 268 2280 Deinde
290 2241 336 2281 ses
353 2226 448 2297 psalmi
467 2243 526 2280 earm
539 2224 700 2296 antiphonis.
718 2222 819 2288 Qnibas
834 2222 925 2287 dictis,
976 2223 1079 2296 reliqna
1091 2224 1195 2287 omnia,
1212 2233 1241 2277 at
1256 2223 1357 2277 dietant
1370 2230 1420 2288 est,
1432 2220 1607 2291 inplessem,-
1622 2221 1650 2274 id
1667 2230 1726 2287 est,
1745 2231 1778 2279 st

131 2316 203 2371 dieto
227 2333 313 2383 uersa,
328 2317 463 2372 benedicat
483 2316 575 2372 abins.
600 2315 628 2370 ld
644 2323 686 2370 est
698 2321 761 2386 post
783 2325 925 2368 versumt
977 2311 1112 2386 annosam
1131 2315 1219 2368 minas
1235 2332 1253 2369 ιι
1275 2313 1414 2368 duodecim
1434 2312 1598 2384 psalmorum
1610 2315 1777 2385 ιιιιιιιιιιιιι,

131 2413 258 2462 osmonte
271 2408 373 2462 ductum
384 2407 457 2462 dieat
468 2408 553 2462 abbas
564 2423 571 2459 ε
582 2404 714 2460 Precibus
728 2403 851 2458 omnium
863 2416 927 2457 san·
977 2407 1011 2462 aa
1026 2405 1130 2478 sipilias
1144 2415 1288 2461 noetsrnas
1302 2405 1418 2471 dicatur,
1430 2405 1544 2477 exeeptis
1558 2406 1672 2463 taraiasa
1685 2421 1776 2461 m.

131 2504 238 2551 ctorum
251 2511 362 2551 suorum
375 2497 461 2551 salvet
469 2503 498 2551 ιι
509 2495 653 2551 benedicat
666 2508 717 2548 nos
728 2492 869 2557 Dominus,
882 2490 926 2546 rel
976 2499 1075 2570 maimo
1087 2504 1180 2569 panno
1193 2495 1307 2570 pretate.

132 2584 213 2640 aliam
228 2585 347 2656 aliquam
360 2585 514 2656 hujusmodi
529 2584 753 2641 benedictionem.
1289 2585 1403 2644 CAPUT
1416 2586 1462 2643 xt.

167 2676 204 2732 Et
215 2678 363 2733 sedentibus
376 2678 496 2733 omnibus
505 2679 535 2733 in
545 2677 670 2743 scammis,
681 2675 803 2748 lepontrn
812 2673 926 2730 meissim
1051 2681 1173 2750 eratiter
1193 2680 1339 2735 Dominicis
1358 2679 1451 2734 aiebas
1464 2678 1560 2748 cipitia
1575 2687 1701 2748 samar,
1770 2724 1773 2729 .

131 2786 149 2824 a
165 2766 292 2840 {ratribus
303 2771 331 2826 in
343 2772 442 2826 codice.
461 2770 588 2827 Vicissim
603 2770 680 2835 dicit,
690 2769 717 2824 id
728 2777 829 2841 emper
841 2769 924 2834 vices,
1012 2772 1151 2828 Dominico
1160 2770 1203 2824 tiis
1215 2770 1355 2841 unspsriss
1365 2777 1492 2838 sar'patar
1500 2766 1536 2822 ad
1546 2764 1705 2837 sipilimln
1714 2765 1776 2837 ssi·

131 2856 299 2929 alternatim,
314 2863 356 2919 rel
379 2872 489 2933 mutuo,
502 2863 530 2920 id
553 2871 604 2930 est,
619 2871 685 2920 tunc
705 2863 767 2932 iste,
781 2870 847 2918 tunc
868 2862 924 2929 ille,
977 2864 1132 2937 smmpiliis
1151 2874 1273 2920 taneatar
1293 2878 1432 2927 mensam,
1451 2860 1479 2914 id
1502 2869 1550 2925 est,
1570 2858 1724 2923 modatads,
1745 2867 1775 2912 ιιι

130 2970 204 3012 nuno
217 2957 291 3022 hino,
304 2972 377 3013 unane
390 2957 453 3013 inde
648 2976 663 2993 ·
977 2974 1058 3030 sapsa
1072 2957 1259 3027 disposuimus,
1279 2970 1325 3008 sea
1351 2951 1460 3023 psalmis
1478 2960 1503 3005 et
1517 2966 1602 3005 uersa.
1620 2947 1775 3020 Tempanius

168 3042 256 3116 Sapen
265 3044 417 3116 artalopiam
432 3056 483 3101 tres
498 3045 631 3102 lectiones.
645 3043 806 3118 Analoglum
821 3044 923 3103 dictum
937 3094 961 3157 G
978 3050 1057 3117 dixit,
1076 3050 1103 3104 id
1114 3058 1165 3114 est,
1187 3049 1283 3113 citius,
1295 3047 1380 3116 prius,
1394 3052 1485 3099 antea.
1497 3042 1657 3112 Tempanius
1669 3040 1773 3095 enima

130 3136 166 3191 ab
177 3150 211 3191 eo
226 3137 297 3206 quod
310 3152 401 3193 scruto
416 3136 479 3193 inde
491 3138 598 3193 ebrinus
609 3147 656 3193 aut
669 3139 785 3211 legatur,
796 3145 843 3192 sut
854 3153 924 3210 prae-
976 3150 1113 3210 tempore,
1127 3138 1255 3195 adverbio
1268 3136 1407 3207 primitivo
1419 3133 1449 3188 tit
1463 3132 1682 3204 comparativum
1702 3130 1776 3185 sicut

132 3226 238 3282 dicetur
250 3241 257 3279 :
268 3226 342 3295 lopas
355 3228 428 3282 enim
441 3227 512 3298 apud
526 3227 635 3285 Graecos
647 3243 737 3284 sermo
750 3229 860 3285 dicitur.
907 3244 910 3249 ’
975 3234 1080 3290 atsrde
1094 3232 1214 3296 tardim,
1235 3236 1264 3285 et
1274 3245 1291 3284 a
1302 3229 1358 3283 cito
1367 3226 1398 3281 lit
1408 3226 1499 3282 eitius.
1513 3223 1671 3288 Aiadalatis,
1692 3222 1774 3287 dixit,

165 3315 241 3372 Inter
260 3334 336 3388 qaas,
350 3326 375 3372 et
393 3321 444 3372 tria
460 3321 624 3391 responsoria
638 3330 775 3376 canentur.
800 3320 860 3376 Duo
880 3337 923 3376 ro-
974 3339 1021 3379 sss
1034 3321 1160 3394 malinis,
1175 3319 1204 3374 id
1219 3325 1271 3383 cst,
1286 3317 1419 3381 cantatis,
1434 3315 1462 3370 in
1475 3329 1543 3370 roeo
1556 3311 1716 3383 compositis
1730 3310 1776 3367 vel

130 3410 270 3480 sponsorio
292 3411 349 3465 sine
372 3407 465 3466 Gloria
489 3411 622 3466 dicantar.
647 3409 713 3466 Post
736 3413 840 3467 tertiam
864 3401 925 3468 dero
959 3411 1110 3469 ‘formatis
1126 3407 1273 3466 hiodulatio
1285 3408 1358 3462 enim
1372 3405 1473 3462 dieitur
1484 3404 1610 3469 dulcedo,
1624 3402 1669 3459 rel
1680 3401 1774 3459 suari·

131 3500 278 3567 lectionem,
293 3502 338 3573 qai
350 3510 451 3564 cantat,
463 3501 533 3556 dicat
548 3500 651 3558 Gloria.
676 3502 764 3570 Quam
777 3504 840 3558 daras
856 3503 924 3559 inei·
975 3499 1286 3572 ermeneumata
1301 3498 1440 3555 modulata
1455 3512 1555 3553 canora
1568 3511 1646 3552 socc.

129 3588 167 3662 pit
179 3601 273 3646 cantor
281 3591 377 3657 dicere,
388 3608 450 3646 mon
460 3608 548 3647 omnes
559 3592 592 3646 de
602 3593 727 3649 sedilibus
737 3595 792 3650 sais
802 3602 923 3666 sarpam,
1010 3594 1190 3651 Residcntiias
1200 3594 1299 3650 ιιιιιιιιι
1310 3591 1434 3664 disposita
1446 3600 1471 3645 ιι
1481 3607 1528 3661 ριν
1540 3589 1700 3645 ordinastis
1711 3587 1775 3644 ash-

131 3678 163 3735 oi
178 3680 303 3735 bonorem
316 3690 340 3735 st
355 3683 524 3736 reuerentiam
538 3691 636 3738 saneta
651 3682 799 3739 Trinitatis.
815 3683 925 3741 Codices
973 3685 1065 3751 seliiis,
1079 3686 1201 3756 lapaatar
1215 3686 1243 3738 in
1255 3684 1354 3749 codiee,
1372 3692 1495 3752 strupra
1512 3681 1641 3745 ιιιιιιιιιι,
1653 3689 1772 3752 mass

130 3779 219 3825 artem
232 3748 353 3840 lepontair
362 3767 493 3840 insipiliis
503 3781 557 3824 tam
570 3768 669 3827 Veteris
678 3770 836 3829 Testamenti
845 3792 924 3847 qanta
975 3777 1098 3832 lsctiom
1111 3792 1170 3830 eam
1189 3774 1360 3846 responsoriis
1371 3774 1438 3829 sais.
1450 3773 1502 3828 tior·
1518 3782 1622 3827 tastum
1638 3773 1775 3842 inesarts

132 3858 203 3915 Noai
217 3860 503 3919 diainoearretoritatis.
516 3860 545 3916 ld
559 3870 601 3918 est
614 3862 677 3917 libri
692 3862 923 3935 heystatensis,
976 3848 1142 3938 resportsorio
1156 3866 1291 3919 dicatara
1302 3873 1437 3929 cantante,
1448 3861 1553 3918 Gloria.
1569 3861 1707 3919 subsellia
1717 3879 1771 3921 ιι-

131 3952 253 4017 Euodus,
265 3952 413 4019 Leviticae,
427 3952 573 4022 Numerus,
586 3955 836 4024 Deutemnomium,
851 3957 926 4016 ludi·
975 3966 1096 4014 temtum
1110 3957 1250 4011 hominum
1264 3963 1337 4022 sunt,
1351 3956 1493 4013 doctorum
1506 3963 1596 4011 autem
1610 3953 1768 4010 sedilia-es-

131 4046 204 4108 c'um,
228 4042 310 4109 Ruth,
330 4041 446 4113 Regnum,
464 4043 699 4117 Paralipomenon,
717 4046 777 4113 iob,
802 4048 926 4106 Psalmo-
977 4048 1079 4104 thedrae
1095 4054 1236 4102 uocantur.
1256 4045 1325 4101 Nam
1336 4047 1415 4102 sedes
1429 4045 1602 4116 samarites
1620 4054 1651 4101 et
1662 4045 1774 4116 propris

130 4147 203 4199 rnm,
224 4132 362 4200 Salomon,
379 4133 525 4205 Sapientiae
539 4135 615 4200 liber,
635 4138 856 4208 Ecclesiasticus,
870 4141 924 4197 To·
976 4139 1052 4209 regni
1062 4147 1114 4203 est,
1128 4137 1256 4193 subsellia
1266 4144 1357 4192 autem
1370 4150 1385 4191 s
1398 4136 1528 4200 sedendo,
1542 4135 1620 4204 quasi
1633 4134 1772 4193 subsessh

130 4222 201 4289 bias,
217 4223 326 4291 Estber,
350 4222 453 4290 tuuith,
475 4226 592 4292 Esdras,
610 4226 817 4299 Prophetarum,
842 4232 926 4288 idest
976 4238 1176 4299 nuncupantur.

130 4310 228 4378 isaias,
251 4312 403 4378 ieremias,
425 4314 549 4370 Ezechiel
569 4323 597 4370 et
616 4315 719 4382 Daniel,
744 4317 831 4383 Oscae,
855 4319 923 4388 Joel,
1013 4319 1099 4386 Qaass
1114 4319 1293 4389 damincipit,
1306 4335 1368 4374 moa
1381 4335 1472 4374 ornnes
1484 4334 1544 4373 cam
1559 4317 1773 4373 remmstiassr-

131 4400 226 4467 Amos,
247 4401 359 4467 Abdias,
382 4402 476 4468 ionas,
500 4405 636 4471 Micheas,
651 4405 766 4472 Nabum,
786 4408 921 4479 llabaouc,
935 4437 962 4499 D
976 4421 1049 4481 pant.
1061 4408 1126 4465 Post
1136 4426 1203 4481 qaas
1213 4408 1348 4474 lectiones,
1362 4418 1508 4480 sepaantsr
1521 4425 1554 4463 ea
1565 4408 1659 4463 ordine
1665 4407 1715 4462 olii
1726 4421 1773 4463 sss

132 4493 302 4562 sophonias,
317 4494 442 4566 Aggasus,
465 4496 621 4562 Zacharias,
645 4498 801 4565 Malachiae,
817 4511 845 4557 et
867 4502 923 4558 bia-
973 4503 1068 4572 psalmi
1090 4519 1149 4556 earn
1171 4501 1343 4572 antiphonis,
1360 4502 1429 4555 sicat
1452 4501 1608 4564 anteriores,
1632 4509 1656 4555 ιι
1670 4515 1770 4555 asrsss.

131 4583 315 4640 chabaeorum.
351 4586 559 4658 Evangeliorum
583 4595 700 4658 quatuor
716 4589 795 4657 libri,
819 4592 845 4647 id
870 4602 923 4660 est,
973 4592 1039 4650 Post
1050 4611 1116 4665 qaas
1131 4593 1225 4646 iterum
1238 4591 1359 4662 lepantar
1368 4591 1430 4646 alia
1440 4601 1555 4663 aamsor
1572 4590 1694 4647 lectiones
1710 4605 1771 4644 esst

132 4678 284 4743 hlattbaeus,
299 4679 416 4746 Marcus,
429 4681 516 4736 hocas
526 4688 554 4736 et
563 4679 692 4737 loannes.
707 4682 835 4752 Epistolae
846 4683 924 4740 Pauli
973 4685 1144 4756 responsoriis
1155 4684 1210 4739 sais
1219 4684 1312 4739 ordine
1326 4701 1378 4755 qao
1389 4701 1480 4754 snpra.
1493 4683 1653 4740 sicutenim
1662 4683 1708 4738 dio
1719 4681 1772 4738 ho·

131 4768 346 4839 quatuordecim,
357 4769 384 4822 id
396 4777 438 4824 est
450 4770 484 4825 ad
495 4769 631 4826 Romanos
642 4787 706 4837 una,
721 4772 756 4827 ad
766 4773 923 4830 Gorintbios
971 4776 1074 4832 minico
1093 4774 1236 4830 duodecim
1250 4773 1307 4829 nult
1322 4773 1439 4843 pleniter
1453 4774 1570 4843 psallere
1586 4773 1718 4844 pastam,
1732 4773 1771 4829 its

132 4859 202 4923 dum,
215 4858 250 4914 ad
264 4856 373 4915 Galatas
386 4875 451 4927 una,
461 4864 494 4917 ad
506 4861 637 4931 Ephesios
650 4877 713 4929 um,
725 4863 758 4918 ad
769 4863 923 4936 Pbilippen-
972 4866 1030 4924 ruit
1047 4865 1189 4922 duodecim
1203 4864 1295 4935 lepore
1308 4863 1448 4930 lectiones,
1462 4872 1491 4920 et
1504 4863 1617 4920 totidem
1626 4878 1771 4935 ιιιιιιιιιο-

131 4962 177 5004 ιιι
191 4963 255 5012 una,
273 4947 307 5001 ad
327 4946 582 5008 Thessalonicenses
606 4952 676 5016 duae,
691 4953 725 5008 ad
746 4952 922 5011 colossenses
972 4958 1013 5012 ria
1027 4956 1180 5012 decantare.

133 5054 197 5106 utta,
213 5038 246 5093 ad
263 5038 432 5093 Timotheum
447 5042 522 5107 duce,
537 5042 571 5097 ad
589 5042 681 5098 Titum
695 5059 758 5107 urta,
780 5044 813 5099 ud
831 5044 914 5100 Pbile
1009 5049 1074 5106 Post
1086 5068 1152 5122 qaas
1162 5051 1257 5104 iterata
1269 5049 1395 5103 dicantar
1403 5048 1455 5101 tris
1467 5049 1571 5101 cantica
1581 5048 1615 5102 tie
1622 5047 1768 5118 prophetis,

132 5144 240 5187 monem
266 5143 328 5191 una,
346 5128 380 5182 ad
405 5129 532 5187 Heitaasos
552 5149 623 5198 una,
643 5133 737 5189 Jaoobi
760 5151 823 5201 utta,
847 5136 921 5190 Petri
972 5156 1031 5211 aaa
1044 5142 1187 5196 instituerit
1199 5139 1292 5194 abhas.
1307 5138 1429 5194 Eacoim
1446 5136 1588 5192 instituere
1603 5138 1769 5194 canticade-

131 5225 202 5289 ιιι,
215 5221 326 5277 ioannis
350 5228 420 5287 tres,
436 5220 511 5277 iudae
534 5239 598 5291 una,
616 5225 701 5280 Actus
726 5227 920 5296 apostolorum,
973 5231 1020 5286 bet
1034 5232 1120 5287 stabas
1139 5245 1200 5300 quae
1213 5227 1395 5298 temporibus,
1411 5223 1604 5282 festivitatibus
1618 5234 1771 5298 sangrum

132 5312 317 5387 Apoealypsis.
974 5322 1121 5377 etdiebns.

169 5402 222 5459 Sed
236 5416 260 5459 et
282 5406 455 5478 repositiones
475 5419 648 5475 eorumquae
668 5422 685 5458 a
703 5407 920 5463 nominatissimis
1010 5412 1077 5478 Qua
1091 5413 1194 5466 cantica
1208 5408 1387 5466 samalielsia
1399 5407 1559 5479 psallantur.
1576 5408 1690 5466 (Σιιιιίιι
1703 5420 1769 5470 tuns

132 5495 281 5551 doctoribus
289 5496 441 5552 orthodoxis
449 5493 618 5551 eteartotirts
627 5493 752 5551 Patriltas
761 5497 839 5568 faetta
848 5510 920 5556 sant.
975 5500 1080 5572 hioyses
1102 5503 1219 5572 primurn
1242 5499 1346 5556 invenit
1366 5497 1476 5568 quaudo
1498 5513 1628 5568 perettus
1647 5499 1771 5574 AEgypto

133 5583 281 5641 orthodoxi
301 5588 429 5643 dicuutur
451 5586 502 5642 uiri
521 5586 664 5652 catholici,
676 5585 705 5641 in
726 5587 779 5644 lide
801 5591 878 5655 recti,
892 5591 920 5647 in
975 5590 1067 5647 decem
1080 5591 1181 5662 plagis,
1205 5598 1233 5646 et
1252 5589 1396 5645 Pharaone
1413 5593 1557 5648 submerso
1572 5604 1635 5645 cam
1650 5590 1769 5661 populis,

134 5673 189 5730 uita
205 5676 366 5746 parobabiics.
381 5677 466 5734 Ortha
478 5677 550 5734 enim
563 5678 634 5749 apud
648 5676 756 5734 Graecos
769 5689 841 5736 rcctc
855 5682 921 5738 dici·
975 5695 1024 5751 por
1034 5681 1136 5736 insueta
1149 5680 1231 5734 maris
1243 5679 1341 5734 itinera
1354 5679 1387 5734 ad
1401 5680 1538 5738 desertum
1552 5678 1768 5751 gratulabundus
