3810 6120
105 278 157 339 gg]
744 266 880 323 nolitis
902 263 1093 320 innuentes.
1678 261 1731 321 998

105 388 186 446 etiam
209 392 238 439 et
262 383 288 436 iu
303 378 542 449 eamcraejiisdcm
561 375 761 431 ecclesiiaetin
784 373 894 444 quadri·
907 377 932 437 Α
946 372 972 427 io
997 370 1107 428 basilica
1135 372 1205 427 boati
1232 370 1378 454 Clementis
1406 382 1507 428 restem
1533 374 1566 429 ilc
1591 378 1731 461 stauracio

104 453 895 601 nillilsmdtihiihdmileniihil?
943 459 1027 567 'dail
1042 441 1744 593 ,ldhlidlitltdsilils‘ihdsti.

122 598 179 652 ima
210 590 321 663 uiaque]
334 597 466 644 elnocias
476 600 581 642 novem.
591 584 697 639 Interea
706 593 734 639 et
744 600 772 639 ni
783 583 893 639 basilica
942 582 1002 637 rete
1015 583 1048 637 de
1063 590 1200 637 stauracia
1212 580 1290 635 ualde
1300 580 1492 651 pulcherrima.
1504 581 1563 652 lpse
1577 598 1643 639 vero
1663 603 1731 656 praea

138 665 177 721 ati
207 661 296 717 bristi
312 658 439 729 martyris
452 655 591 712 Laurentii
602 655 653 709 sita
665 653 732 709 loris
750 651 894 708 morosic-
943 652 1038 722 eipnus
1051 651 1171 721 pontifex
1184 649 1396 706 iuiiiulobeacu
1408 650 1635 708 Susanuaubiet
1648 671 1728 724 pres-

104 737 143 792 eit
162 732 295 802 imagines
314 736 456 799 argenteas
475 733 532 781 tres
554 723 718 787 salvatoris,
733 722 804 779 beati
818 720 894 777 Petri
941 721 1020 792 bytcr
1043 722 1184 775 ordinatus
1210 718 1314 783 luerat,
1336 722 1400 775 dnm
1427 722 1545 776 breviter
1568 724 1726 781 destructus

104 802 228 876 apostoli,
247 798 376 855 essancti
395 795 533 852 Laurentii
548 802 693 863 pensantes
705 792 787 847 simul
810 792 894 847 libras
942 788 1156 858 tuscanecium
1236 790 1578 860 lougitanatemporaipsae
1588 794 1729 862 parietina

104 870 300 944 qninquaginta
324 876 441 938 quamor
467 872 496 919 et
517 863 609 919 semis.
625 862 659 917 lit
678 862 706 917 iu
724 876 803 917 sacro
813 860 893 917 altari
942 861 1128 921 marcuisseut.
1207 860 1321 915 nimium
1345 875 1465 915 amorem
1487 861 1626 929 ampliavit
1644 865 1730 921 aedid-⁴

104 950 208 1002 restem
222 939 338 994 sedeam
361 933 563 1007 chrysoclabam
585 930 729 986 habentem
750 930 892 986 historiam
942 929 1178 992 cium,etnoi·iter
1191 929 1218 982 in
1232 929 1315 983 altum
1329 927 1628 987 fodiensilruiissimiim
1638 936 1728 1002 posuit

105 1011 253 1071 nominee
263 1007 397 1077 passionis
406 1012 434 1061 et
448 1001 664 1057 resurrectionis.
679 1001 799 1068 itemque
813 1014 893 1055 reuo-
941 998 1155 1061 tundamentum,
1166 1007 1193 1053 ct
1204 1006 1278 1055 emta
1289 997 1400 1068 planitie
1409 1000 1522 1055 mirilico
1532 1001 1637 1057 excelsa
1647 1020 1729 1073 super

106 1082 182 1137 sarit
195 1086 269 1134 sarta
283 1084 352 1131 tecta
366 1075 506 1129 beatorum
516 1071 613 1125 Felicis
622 1079 650 1126 et
662 1069 777 1125 hdaucti
790 1078 893 1139 marty·
941 1067 999 1136 ipsa
1023 1066 1197 1123 hindamcota
1222 1066 1363 1122 mibdcavit
1383 1070 1523 1124 ecclesiam
1549 1085 1609 1126 cnm
1633 1076 1728 1143 apsida

104 1151 405 1275 iltlbiidltlle
418 1137 893 1279 lsltailatllamltha
941 1136 1762 1281 ethenheim?ssshleildltlhltn·

104 1236 382 1414 ffli‘tdihl
400 1252 892 1417 *eistettilhhtlildaht
939 1247 1493 1415 tlldslltllid‘lhli,litii
1513 1251 1727 1407 limisit?

106 1373 194 1483 bellilei
205 1373 247 1480 ,ιιι
261 1368 406 1478 haist-'ana
940 1416 1040 1470 moreis
1052 1388 1213 1471 coiistrniiit.
1262 1417 1317 1471 det
1329 1417 1514 1486 baptisterium
1526 1416 1563 1472 ibi
1575 1423 1728 1483 constituit,

142 1496 249 1551 Pariter
260 1502 288 1548 et
300 1491 441 1546 eeclesiam
462 1487 568 1543 Sancta
583 1485 630 1541 bel
649 1484 794 1542 Cenitrieis
817 1500 889 1541 sem·
940 1486 987 1538 ubi
1001 1495 1028 1539 et
1051 1487 1121 1540 dona
1137 1486 1242 1550 obtulit,
1261 1484 1385 1543 uidelicet
1401 1488 1531 1556 gabathas
1549 1490 1729 1554 aureaslun-

106 1579 209 1636 perque
221 1561 334 1633 virginis
346 1560 437 1614 llarin
450 1558 565 1613 domina
576 1563 676 1611 nostrae
689 1555 767 1610 sitam
779 1557 807 1610 in
819 1556 839 1609 F
841 1571 890 1609 ou·
941 1554 1018 1608 datas
1038 1563 1103 1616 tres,
1117 1565 1262 1623 pensantes
1284 1554 1367 1609 libras
1381 1564 1497 1624 giratuor
1511 1564 1539 1610 et
1554 1559 1650 1618 sicmisi
1666 1575 1729 1613 ern«

107 1637 209 1697 sicana,
220 1647 279 1702 gum
289 1645 337 1700 per
347 1630 446 1684 olitana
458 1633 620 1681 marcuerat.
631 1625 706 1679 Fecit
716 1633 805 1680 autem
817 1625 888 1681 idem
940 1638 987 1678 ces
1013 1639 1110 1679 aureas
1136 1624 1204 1678 duas
1228 1639 1289 1679 enni
1319 1625 1436 1694 gerumis
1456 1635 1601 1695 pensantes
1630 1628 1730 1683 libiam

106 1702 204 1773 presul
213 1702 241 1757 in
250 1699 360 1755 basilica
373 1697 493 1753 doctoris
505 1695 596 1749 mnudi
608 1694 679 1749 beati
692 1693 766 1749 Pauli
777 1694 888 1763 apostoli
903 1716 927 1775 B
941 1708 1034 1755 unam,
1049 1702 1105 1747 tum
1124 1693 1213 1762 virgas
1233 1703 1374 1763 argenteas
1393 1704 1538 1764 pensames
1561 1696 1646 1753 libras
1659 1706 1716 1752 tres

106 1772 313 1835 eonlessioncm,
323 1767 402 1824 simul
412 1776 441 1822 et
452 1780 532 1836 mgas
545 1779 578 1819 ex
591 1762 760 1819 aumolirico
773 1765 889 1820 habente
940 1771 968 1817 et
984 1763 1078 1817 unicias
1089 1772 1207 1832 septem;
1223 1762 1357 1817 lucernam
1380 1773 1534 1846 argenteam
1558 1782 1638 1821 naam
1661 1783 1727 1836 peri-

105 1833 760 1974 sanissimi“assedisset
784 1849 891 1972 diez
940 1831 1730 1973 elhdliddililltchiemseensi:

106 1982 194 2049 ipsum
215 1992 323 2034 sacmm
345 1977 430 2031 altare
448 1974 591 2043 imaginem
612 1986 722 2027 auream
746 1973 890 2028 habentem
941 1985 1002 2025 riern
1015 1968 1134 2038 ejusdem
1152 1971 1244 2026 altaris
1258 1986 1291 2026 ei
1309 1971 1436 2041 argenteo
1455 1974 1600 2042 purissimo
1610 1990 1727 2044 pensan·

106 2050 274 2104 Sabatenem
294 2056 321 2102 et
344 2045 484 2101 duodecim
504 2041 638 2113 apostolos
650 2050 794 2111 pensantes
807 2041 891 2097 libras
940 2048 994 2095 tem
1007 2039 1089 2095 libras
1100 2050 1209 2096 centum
1224 2052 1280 2095 tres
1291 2049 1319 2096 et
1334 2043 1427 2098 uncias
1440 2044 1516 2098 dnas.
1528 2042 1673 2101 Columnas
1683 2059 1730 2099 ard

105 2118 273 2189 septinginta
292 2116 356 2187 quin
376 2130 426 2181 ue;
440 2113 486 2169 sed
501 2121 529 2169 et
541 2126 677 2168 cameram
689 2111 809 2181 ejusdem
819 2111 892 2166 basi·
941 2118 1051 2180 gemens
1067 2119 1128 2165 oeto
1148 2120 1176 2165 et
1199 2112 1350 2181 gamiuadia
1370 2113 1568 2186 demetamus
1585 2113 1652 2169 duos
1665 2129 1730 2169 cnm

107 2189 165 2243 liene
187 2186 347 2269 inumodum
406 2184 443 2238 ati
462 2182 536 2237 Petri
559 2180 671 2251 apostoli
694 2180 801 2236 uenter
815 2179 889 2261 lecit,
941 2179 1067 2259 crucibus
1080 2180 1213 2261 argenteis
1225 2179 1353 2250 quinione,
1375 2191 1403 2236 ei
1422 2181 1553 2263 gabathas
1573 2184 1729 2252 quindecim

106 2260 602 2409 eattsshttldttt'attlt?
615 2257 725 2400 liin
742 2258 892 2377 sithi}
941 2249 1731 2405 eslii⁵¹llll¹lmtttti¹alltltlahhlst

108 2390 893 2540 silihillidiilltlllllitidettad
942 2388 1074 2539 iii-,iiiii
1090 2388 1578 2529 „litlilt‘slslhhlllttl
1592 2402 1729 2531 ainis

108 2549 175 2589 sena
188 2533 289 2600 majora
300 2534 335 2587 de
348 2531 496 2613 quadruplo
513 2530 648 2592 investita,
661 2544 721 2598 guae
735 2529 892 2597 pendentm
943 2535 1053 2596 triginta
1071 2527 1175 2583 duobus
1188 2537 1344 2598 pensantem
1359 2529 1442 2587 libras
1460 2531 1571 2600 trigiuts
1583 2531 1659 2587 duas.
1672 2530 1730 2585 Nee

109 2602 412 2685 arcubusqiiadragmta
427 2610 488 2655 tna.
502 2600 566 2656 Vela
580 2598 685 2655 modica
699 2598 821 2668 sigillata,
832 2610 894 2667 qnae
942 2611 996 2650 nen
1011 2604 1038 2650 ct
1052 2597 1199 2652 cauistmm
1223 2607 1378 2668 argenteum
1398 2616 1480 2655 unuin
1506 2615 1624 2668 pensans
1646 2601 1732 2656 libras

108 2672 228 2741 pendent
245 2686 272 2727 ui
286 2673 403 2727 arcubus
415 2670 565 2725 minorihus
579 2678 675 2725 ornata
693 2666 893 2736 guadmplovi·
943 2665 1078 2719 decernet
1094 2674 1167 2731 octo,
1183 2667 1231 2722 sed
1251 2677 1279 2723 et
1301 2667 1374 2722 aliud
1399 2670 1546 2725 canistrum
1572 2678 1730 2742 argenteum

109 2742 187 2812 giuti.
199 2741 265 2796 ltem
274 2741 333 2796 vela
342 2740 446 2796 modica
460 2741 493 2795 de
502 2739 650 2800 stauracio,
664 2752 723 2861 {aas
735 2735 893 2817 pendentia
943 2749 1060 2803 pensans
1074 2734 1157 2791 libras
1171 2736 1262 2818 decem
1277 2744 1308 2817 et.
1318 2746 1390 2792 octo.
1407 2739 1476 2794 l'asa
1492 2739 1620 2795 colatoria
1634 2754 1733 2810 argen-

109 2813 226 2867 arcubus
237 2811 343 2876 deceni,
355 2820 383 2865 et
394 2809 446 2863 alia
459 2809 561 2873 decem,
575 2824 609 2863 ex
622 2808 669 2877 ipii
688 2822 720 2861 us
729 2814 781 2861 tria
793 2805 894 2861 babent
944 2812 986 2858 tea
1000 2806 1128 2859 deaurata
1138 2814 1280 2875 pensantia
1292 2806 1376 2862 libras
1388 2816 1506 2877 quatuor
1518 2819 1545 2865 et
1556 2811 1650 2865 uncias
1663 2818 1729 2865 tres.

109 2880 253 2951 periclysin
277 2879 367 2936 decb
401 2878 518 2934 sudam.
546 2879 613 2933 lieni
636 2876 696 2931 reta
719 2885 835 2946 quatuor
848 2874 895 2931 iilo
944 2872 1079 2932 Gabatlias
1111 2883 1253 2945 argenteas
1278 2876 1409 2933 babentes
1440 2879 1558 2950 gryphos
1586 2879 1734 2935 deauratos

108 2951 167 3018 pari
179 2948 371 3005 Alexandrina.
398 2957 452 3004 mm
463 2949 552 3003 uelum
564 2947 677 3002 alithiuo
689 2955 779 3001 rotatu
792 2944 895 3001 habeus
944 2952 1088 3025 pensantes
1100 2943 1182 2999 libras
1196 2944 1273 3000 duas.
1288 2944 1408 3001 Coronas
1420 2956 1562 3019 argenteas
1578 2947 1646 3005 duas
1665 2964 1731 3003 cnm

109 3019 267 3090 periclysio,
284 3026 359 3074 rotas
373 3033 435 3073 cum
451 3017 588 3081 cancellis,
602 3024 629 3071 et
642 3016 669 3069 io
682 3014 771 3069 medio
783 3029 892 3069 crucem
905 3052 927 3114 C
944 3013 1076 3082 uelpbinis
1091 3013 1184 3069 decem
1202 3023 1231 3069 et
1248 3024 1309 3070 octo
1329 3024 1473 3086 pensantes
1494 3017 1575 3073 libras
1594 3018 1686 3073 ilccem
1701 3028 1735 3073 et·

110 3103 172 3142 eom
186 3088 309 3158 gemims,
323 3096 351 3142 et
366 3095 483 3157 quatuor
503 3096 577 3142 rotas
595 3086 629 3141 de
647 3084 729 3155 Tyrio
744 3083 789 3138 silo
802 3099 891 3154 pares.
944 3097 1050 3138 nouem.
1065 3082 1142 3137 Enim
1157 3098 1222 3139 uero
1237 3083 1307 3139 idem
1325 3087 1476 3156 praecipuus
1488 3087 1601 3143 antistes
1620 3087 1684 3142 lecit
1701 3087 1734 3142 io

115 3194 121 3201 .
146 3157 222 3213 l‘ecit
237 3165 327 3212 antem
348 3158 376 3212 iu
398 3156 510 3213 basilica
525 3157 596 3213 beati
608 3153 723 3209 Andreae
736 3155 770 3210 ad
783 3155 893 3209 beatum
942 3153 1038 3207 eadem
1058 3153 1172 3209 ccclesia
1186 3164 1289 3208 restem
1309 3155 1513 3226 chrysoclaham
1530 3171 1592 3211 cuin
1605 3156 1735 3227 periclysi

108 3225 221 3280 Petrum
235 3225 384 3295 apostolum
399 3240 479 3297 rugas
499 3233 640 3296 argenteas
653 3233 797 3306 pensantes
811 3223 893 3279 libras
943 3236 1004 3277 cnm
1015 3222 1192 3294 chrysoclabo
1203 3238 1293 3286 unam,
1308 3225 1395 3280 sedet
1411 3227 1491 3280 aliam
1503 3236 1604 3281 restem
1618 3227 1651 3281 de
1664 3225 1735 3281 blat-

108 3294 275 3365 oetuagiuta.
292 3295 388 3351 Verum
411 3298 492 3351 etiam
513 3305 541 3351 et
556 3295 584 3350 iu
604 3293 714 3351 basilica
735 3293 892 3358 Salinatoris,
943 3292 1001 3347 thio
1017 3291 1160 3347 habentem
1173 3292 1199 3347 io
1220 3291 1308 3349 medio
1323 3309 1433 3351 crucem
1447 3295 1480 3350 de
1494 3296 1682 3366 chrysoclalio.
1698 3296 1733 3353 lit

108 3380 171 3433 quac
184 3379 200 3417 a
218 3364 333 3432 pellatur
346 3363 576 3430 Constantiniana,
594 3378 728 3420 cameram
745 3364 821 3417 mirae
834 3377 895 3417 ma·
944 3360 1048 3414 tabulas
1062 3362 1252 3432 chrysoclabas
1264 3370 1379 3429 quatuor
1398 3378 1460 3417 cum
1479 3366 1594 3429 gemmis
1606 3374 1732 3429 ornatas,

128 3435 186 3489 uitii
206 3433 269 3489 iiiis.
280 3433 329 3489 llic
342 3433 476 3490 almilicus
486 3434 583 3504 praesul
592 3433 656 3487 iecit
667 3433 694 3486 in
710 3432 788 3486 altari
797 3429 895 3498 majori
943 3436 1024 3496 atque
1038 3430 1204 3499 gammadias
1216 3430 1244 3483 in
1256 3431 1313 3499 ipsa
1327 3439 1402 3486 veste
1416 3432 1606 3512 chrysoclabas
1616 3443 1733 3501 quatuor

162 3501 182 3556 ti
195 3501 269 3558 Petri
286 3505 468 3574 apostolorum
483 3503 613 3571 principis
626 3508 728 3555 vesteno
740 3499 897 3580 chrysocln-
943 3511 1004 3577 cum
1019 3496 1145 3578 periclysi
1163 3497 1197 3551 de
1206 3497 1395 3580 chrysoclabo.
1411 3499 1487 3555 Fecit
1497 3509 1587 3555 autem
1601 3512 1630 3557 et
1641 3502 1668 3557 iu
1681 3516 1732 3572 pa·

109 3571 173 3627 bain
205 3571 311 3627 retiosis
324 3571 438 3643 gemmis
460 3579 583 3626 ornatam
604 3569 747 3623 habentem
766 3568 896 3625 historias
943 3566 1074 3622 triarobio
1090 3565 1264 3622 Lateranensi
1285 3566 1431 3624 triclinium
1444 3567 1623 3641 majussuper
1636 3570 1728 3627 omnia

109 3651 165 3695 min
181 3586 330 3697 galratoris
351 3642 431 3696 beato
442 3639 523 3694 Petro
541 3637 663 3708 apostolo
676 3635 775 3707 ligandi
789 3637 896 3692 solven-
944 3634 1059 3689 triclinia
1074 3635 1176 3691 numiui
1188 3651 1244 3692 sum
1264 3637 1458 3709 magnitudinis
1474 3640 1610 3706 decorata,
1627 3654 1734 3711 poueua·

110 3709 191 3777 digne
212 3716 388 3780 postestatem
414 3709 568 3773 tribuentis,
591 3721 726 3777 quamque
744 3707 896 3776 principum
944 3705 972 3760 iu
985 3719 1018 3761 eu
1031 3703 1204 3760 laudamento
1225 3704 1389 3773 sinsheim,
1404 3717 1433 3763 et
1448 3708 1475 3763 in
1495 3709 1610 3766 circuitu
1622 3710 1732 3767 laminis

110 3780 292 3847 apostolomm
313 3778 387 3833 Petri
416 3793 449 3857 ac
471 3776 547 3831 Pauli
571 3777 724 3848 passionem
748 3776 896 3846 dgurantcs
943 3775 1105 3855 marmoreis
1129 3776 1245 3856 ornavit,
1262 3784 1342 3847 atque
1362 3779 1542 3836 marmoribus
1560 3779 1587 3835 iu
1600 3780 1732 3862 exeuiphs

110 3847 187 3903 mirae
206 3847 400 3919 magnitudinis
422 3862 450 3902 in
467 3847 556 3903 natale
577 3844 759 3918 apestolorum
776 3844 896 3916 resplen-
943 3851 1048 3897 stiaiot.
1080 3843 1114 3898 Et
1145 3845 1259 3901 dirersis
1287 3846 1419 3902 columnis
1448 3857 1502 3902 tam
1535 3851 1732 3920 porphyreticis

111 3916 231 3971 dentem
884 3924 926 3984 w
944 3927 1078 3981 quamque
1091 3913 1169 3980 albis,
1192 3924 1220 3969 et
1236 3917 1348 3984 sculptis
1365 3930 1426 3971 cum
1441 3916 1558 3984 vasibus,
1574 3926 1602 3972 et
1614 3917 1680 3976 liliis
1693 3920 1733 3974 si·

145 3984 211 4040 item
225 3984 290 4042 lecit
310 3993 412 4042 vestem
427 3986 456 4041 in
481 3984 560 4041 titulo
577 3983 704 4040 Endoniae
716 3999 747 4041 su
784 3983 896 4039 raltare
944 3981 999 4037 niul
1012 3983 1134 4062 postibus
1148 3984 1431 4041 decoraritcamcram
1449 3987 1544 4055 apsida
1562 3988 1596 4043 de
1616 3988 1732 4053 musivo,

111 4053 221 4124 Turiam
240 4055 383 4112 habentem
406 4070 505 4127 grypas
531 4053 657 4123 maiores,
682 4063 711 4110 et
754 4068 802 4109 uas
822 4064 897 4109 rotas
945 4051 1051 4107 cialias
1067 4052 1134 4107 duas
1153 4053 1270 4115 absidas,
1284 4053 1405 4110 diversas
1418 4054 1546 4112 historias
1558 4057 1672 4138 pingens
1685 4072 1733 4113 su·

110 4124 300 4194 ebrymclabas
318 4140 379 4181 cum
401 4140 493 4191 cruce,
514 4132 542 4179 et
562 4123 717 4196 periclysin,
735 4122 854 4188 blatliio,
868 4132 896 4178 et
944 4136 992 4190 per
1015 4134 1180 4176 marmorum
1209 4122 1411 4188 incrustatione,
1437 4125 1539 4195 pariter
1559 4141 1587 4180 m
1614 4126 1729 4182 circuitu

111 4193 325 4274 chrysoclauum.
341 4194 491 4251 llicantem
560 4194 653 4264 cipuus
670 4193 767 4263 presul
788 4193 851 4249 lecit
866 4193 894 4247 io
944 4191 1090 4245 decorauit.
1108 4190 1142 4245 lit
1166 4191 1194 4246 io
1219 4190 1332 4248 basilica
1357 4193 1442 4249 beatae
1462 4193 1561 4251 Priscae
1574 4194 1638 4250 lecit
1659 4196 1732 4252 idem

111 4263 222 4319 basilica
235 4264 307 4320 beati
322 4264 393 4319 Petri
407 4265 520 4334 apcstoi
533 4264 646 4333 pharum
661 4272 819 4333 argenteum
832 4269 896 4317 aute
944 4260 1058 4315 antistes
1077 4260 1187 4316 calicem
1210 4260 1349 4317 laudatum
1373 4274 1577 4332 superauratum
1599 4280 1681 4319 uuum
1704 4272 1732 4321 et

112 4333 308 4403 presbyterium
331 4348 392 4389 cum
414 4332 537 4415 gabatbis
563 4334 700 4401 argenteis
725 4333 845 4402 triginta,
868 4339 896 4387 et
945 4344 1060 4384 coronas
1079 4336 1145 4411 tres,
1166 4346 1200 4386 cx
1217 4331 1410 4400 quibusuoam
1425 4334 1568 4389 habentem
1589 4332 1633 4388 del
1653 4335 1733 4391 binos

110 4401 260 4457 canistrum
274 4403 399 4472 octogoni
421 4419 448 4457 ni
462 4402 551 4457 medio
569 4403 709 4470 pensantia
722 4401 806 4457 libras
816 4416 895 4456 sera·
908 4376 933 4435 D
947 4399 1052 4464 decem,
1068 4399 1171 4454 etalias
1184 4400 1492 4467 duasoumeronorcm,
1505 4403 1593 4459 sedet
1655 4404 1733 4461 athas

111 4469 187 4540 ginta
199 4479 227 4524 et
241 4479 311 4534 tres:
327 4480 355 4526 ct
375 4474 402 4526 iu
425 4472 564 4526 cantharis
577 4472 713 4542 argenteis
725 4480 781 4525 tam
795 4472 823 4527 io
845 4472 897 4525 cir·
947 4477 1009 4522 octo
1024 4479 1168 4537 pensantes
1187 4468 1267 4524 simul
1289 4470 1372 4526 libras
1392 4472 1486 4542 viginti
1501 4487 1607 4527 norem.
1623 4473 1732 4529 Vestem

112 4530 186 4592 cuith
210 4540 303 4594 altaris
320 4554 400 4622 quiam
419 4540 634 4663 ³.¹¹.g.‘⁰⁸]b5“'i⁰
655 4541 745 4610 posuit
761 4547 896 4595 cerostata
947 4538 1034 4593 albam
1056 4538 1233 4619 holosericam
1252 4550 1376 4595 ornatam
1398 4542 1423 4594 io
1440 4541 1554 4596 circuitu
1569 4542 1664 4597 blattbi
1677 4543 1732 4614 By·

112 4616 464 4735 amatissima
479 4609 897 4749 tllhtidtitdiittds
948 4616 1137 4732 ‘'ddiltl
1150 4607 1656 4750 liatileehilitlltlhi
1669 4680 1733 4739 iun

112 4746 230 4801 smaraci
250 4762 330 4803 unam
344 4748 486 4802 habentem
500 4748 642 4819 periclysin
665 4747 698 4804 de
720 4748 820 4810 blattis,
849 4763 897 4803 seu
948 4745 1083 4800 insaucia
1101 4747 1232 4801 catholica
1259 4757 1287 4802 et
1309 4748 1454 4819 apostolica
1478 4749 1599 4805 Romana
1613 4751 1733 4807 scalena

111 4815 298 4885 chrysodaho.
314 4815 493 4898 Fecituantem
510 4825 539 4871 et
561 4817 587 4871 in
611 4816 723 4873 basilica
738 4817 897 4899 Salvatoris,
948 4829 997 4885 per
1010 4814 1363 4896 ordinemecclesiastieum
1385 4818 1516 4901 degeret,
1538 4829 1566 4874 et
1584 4821 1666 4876 ritum
1688 4836 1735 4876 or·

112 4884 898 5036 cuissiacensemanianensi
949 4885 1735 5036 aaa}idam‘itiimaiuainaaaz

113 5021 214 5079 Christi
228 5024 372 5079 habentem
393 5024 537 5095 periclysin
549 5025 582 5080 de
600 5025 786 5096 chrysoclabo.
806 5025 900 5082 Sedet
949 5022 1070 5080 aduinus
1079 5033 1236 5080 mesaneos
1250 5034 1355 5096 compte
1364 5034 1485 5093 ornaret,
1494 5030 1532 5100 (a)
1542 5042 1604 5084 cum
1617 5030 1734 5099 diequa-

149 5152 450 5279 (clesiiildiegucdcai
462 5155 625 5280 moreLsciito
638 5156 782 5239 indisertis,
791 5173 850 5228 gsoe
866 5158 900 5213 sd
951 5170 1030 5280 Ιιιιιιιι
1057 5156 1322 5238 praecideriutiitem
1337 5173 1391 5228 gua
1408 5160 1513 5216 ratione
1526 5168 1589 5231 post
1608 5162 1734 5217 visumst

115 5234 515 5378 aethelheidis
528 5226 901 5378 iililsltiatl‘zht‘i
951 5224 1735 5378 ,ttlfflltlhff‘flmlttt't‘itlisimas

115 5363 333 5428 mdsscallatam
347 5366 484 5435 siibgnugit
505 5365 558 5419 boc
582 5364 641 5419 loco
656 5365 818 5421 Anastasius
849 5381 901 5423 uo·
952 5375 996 5420 tus
1038 5379 1127 5418 omam
1154 5364 1272 5421 redierit.
1304 5366 1367 5422 liae
1391 5369 1487 5424 eadem
1506 5375 1684 5422 recensentur
1706 5380 1735 5419 ui

116 5432 198 5487 niodo
210 5441 321 5503 nepotes
330 5432 443 5489 Adriani
497 5432 596 5489 ntillcis
615 5434 775 5500 militantes,
798 5433 827 5489 in
867 5450 899 5491 o-
951 5434 1102 5490 donalibns
1115 5432 1292 5500 Francorum,
1304 5444 1334 5492 et
1353 5438 1423 5507 apud
1436 5437 1556 5491 Adonem
1574 5434 1602 5489 in
1616 5433 1734 5490 Chroni-

116 5500 190 5557 mani
203 5501 270 5558 cleri
299 5502 394 5572 primis
418 5517 451 5557 or
469 5502 570 5567 iuibus,
594 5503 693 5558 invidia
719 5504 899 5571 tabescentes,
952 5518 997 5566 co,
1011 5503 1056 5558 ubi
1066 5502 1132 5558 dicit
1141 5505 1288 5577 sacrilegas
1305 5521 1401 5561 manus
1413 5506 1441 5559 in
1453 5503 1608 5574 pontillcem
1621 5501 1737 5571 injectas

115 5568 235 5651 leonem
249 5570 350 5652 obejns
368 5572 527 5627 electionem
539 5573 673 5643 persecuti
697 5571 901 5655 inermumque
953 5572 1037 5629 luisse
1058 5573 1174 5642 septimo
1194 5572 1329 5631 hdmdas
1347 5574 1408 5627 lisii
1428 5587 1506 5638 ,anuo
1522 5572 1584 5628 tta.
1606 5571 1655 5628 llis
1667 5573 1738 5639 adila

116 5638 538 5699 insacraiuuetioueconatituto
546 5641 639 5697 oculos
659 5643 793 5709 eruerint,
808 5641 901 5699 etlin·
954 5643 1100 5712 quodcum
1112 5641 1199 5699 Mina
1212 5642 1240 5698 in
1255 5642 1427 5701 Carmaniam
1450 5640 1484 5696 ail
1497 5639 1623 5698 cainum
1643 5655 1737 5714 regem
