3810 6120
169 240 222 302 tas
696 292 701 303 ,
814 221 993 290 stamen
1011 222 1158 285 aeoatts
1757 218 1816 284 no

171 358 452 434 omnmo-probatur
467 353 532 429 gata
554 354 606 411 tete
629 363 688 424 ipsa
711 343 759 422 orti
782 344 829 406 bic
853 339 1042 418 ponitmdet
1055 337 1130 400 salua
1144 351 1249 408 nostra,
1263 336 1310 413 qul
1321 341 1389 401 dixit
1402 360 1409 398 ι
1423 340 1479 414 Ego
1502 358 1563 398 un
1581 338 1643 411 ιιι,
1668 335 1769 399 ueta
1790 351 1816 401 ιι

171 457 287 528 primus,
300 453 355 511 ibic
366 452 472 524 positus
495 445 633 504 inuenitur
659 460 720 505 esse
738 441 888 500 *mundas
909 432 964 493 Sed
1015 429 1067 490 tito
1081 428 1172 505 (Joea.
1184 431 1252 499 rut).
1268 432 1393 490 Christus
1405 440 1448 492 est
1460 448 1538 504 ergo,
1550 433 1616 491 (ιιιιιι
1629 433 1657 490 in
1671 434 1726 491 boc
1736 447 1816 493 mt-

172 548 219 604 illo
233 556 276 603 est
288 544 392 615 primus
405 538 433 595 in
446 535 540 595 ordine
557 544 585 594 et
606 532 783 607 cogitatione,
797 528 848 587 iste
861 524 966 600 primus
1016 522 1063 581 tali
1076 540 1191 596 comere
1202 525 1331 592 ravimus,
1343 542 1405 597 spes
1416 534 1527 582 nostra:
1539 523 1667 582 cbristus
1688 523 1817 580 deleme)

172 639 202 695 in
221 636 311 708 operis
326 633 442 689 actione.
454 630 500 686 llle
512 629 618 698 primus
630 626 657 682 in
674 624 750 683 initio
768 616 965 683 conversionis,
1015 630 1119 685 nostra,
1135 620 1259 676 Christos
1275 619 1436 690 gubernatio
1458 629 1564 683 nostra,
1587 616 1717 675 Christus
1738 615 1817 673 lord-

172 729 225 785 isto
240 727 345 797 primus
363 723 390 778 in
408 722 487 777 initio
500 720 626 777 aetionis.
643 717 690 773 lile
702 716 808 787 primus
828 713 855 768 iu
876 710 967 765 anime
1018 711 1084 767 tudo
1103 718 1206 776 nostra,
1228 708 1353 766 Christus
1376 708 1503 764 solatium
1528 717 1664 773 nostrum,
1686 705 1818 766 conaus

172 816 363 890 spiritualiter,
377 814 429 869 iste
442 813 549 883 primus
562 811 588 864 in
607 807 762 865 obedientia
778 801 966 875 corporaliter.
1017 800 1168 872 redemptio
1181 807 1284 864 nostra,
1300 797 1425 854 Christos
1436 805 1539 868 paswr,
1554 795 1627 851 salus
1637 804 1665 851 et
1677 796 1818 867 protectio

137 884 142 895 ⁸
174 907 293 966 lindeet
309 905 389 960 istius
405 902 517 975 capituli
536 900 632 956 tltulus
654 912 709 953 non
733 897 767 952 de
792 893 967 956 bumilitate,
1018 899 1128 957 uostra3
1144 888 1269 946 Christos
1280 887 1452 959 justificatio,
1467 887 1650 945 sanctificatio
1667 895 1699 943 et
1715 887 1818 944 illumi-

173 997 222 1055 sed
236 997 271 1051 de
289 993 443 1050 obedientia
464 990 659 1061 discipulorum
682 996 725 1042 est
745 991 922 1056 praenotatus.
939 981 969 1035 lu
1018 983 1093 1039 natio
1107 991 1211 1047 nostra,
1223 991 1252 1037 et
1265 980 1292 1036 in
1308 978 1399 1035 loturo
1418 978 1518 1034 saeculo
1538 979 1591 1034 erit
1613 979 1700 1050 gloria
1721 988 1819 1038 oostn

174 1087 221 1142 illo
234 1093 324 1142 autem
336 1084 369 1138 de
380 1081 556 1152 cogitatione,
569 1078 709 1133 voluntate
721 1083 749 1131 et
760 1072 897 1131 desiderio
914 1079 970 1126 tra-
1018 1074 1143 1132 Christus
1156 1091 1162 1127 ε
1177 1072 1323 1129 exsultatio
1336 1079 1429 1127 nostra
1443 1070 1579 1137 Christos,
1592 1071 1756 1142 glorilleatio
1769 1089 1820 1129 ao·

174 1186 274 1242 etatur,
288 1177 315 1231 iu
334 1177 385 1230 isto
405 1189 469 1228 vero
489 1172 522 1227 de
536 1170 732 1240 discipulorum
745 1164 901 1222 obedientia
915 1163 971 1218 dis-
1020 1173 1076 1222 atra
1088 1165 1223 1230 Christus,
1235 1179 1287 1235 pur
1303 1171 1397 1219 nostra
1409 1161 1549 1227 cbristus,
1564 1162 1712 1218 baereditas
1719 1172 1819 1220 matra

173 1276 296 1341 putatur.
326 1264 487 1321 Obcdientia
506 1276 571 1316 tere
596 1258 790 1330 discipulorum
814 1257 889 1328 prius
915 1254 971 1310 Deo
1020 1257 1153 1322 Christus,
1169 1258 1307 1314 aeternitas
1319 1266 1412 1313 nostra
1425 1255 1559 1322 Christus,
1572 1255 1618 1312 lex
1627 1263 1725 1313 nostra
1736 1255 1820 1313 Chri·

174 1363 204 1419 io
219 1360 311 1425 eorde,
323 1365 417 1429 postca
431 1354 584 1411 exbibenda
601 1362 644 1410 est
662 1352 793 1422 magistro
808 1349 837 1404 in
852 1347 969 1404 eodone.
1021 1349 1208 1417 stus,claritas
1220 1347 1819 1415 nostraCbristasmaoitesnostraCluistoa,

174 1450 290 1507 interius
305 1449 379 1503 euim
398 1444 585 1515 unusquisque
606 1443 706 1498 timore
725 1447 815 1496 taetus
832 1437 972 1510 egreditur
1021 1454 1122 1501 eororta
1144 1448 1236 1498 nostra
1256 1440 1392 1508 Christus,
1411 1442 1545 1513 supientia
1564 1449 1658 1499 nostra
1671 1440 1820 1508 cbristus,

176 1541 211 1597 ad
225 1539 362 1611 publicum
373 1536 495 1601 obedire,
509 1534 587 1604 quasi
599 1532 746 1602 discipulus
759 1529 903 1601 πιεςίειιο.
914 1526 972 1583 Nisi
1023 1549 1137 1605 regnum
1148 1542 1272 1590 nostrum
1285 1533 1421 1601 cbristus,
1438 1535 1578 1606 previam
1594 1542 1719 1593 nostrum
1737 1535 1822 1594 obri-

175 1632 250 1688 eninr
264 1629 371 1685 bomini
385 1626 564 1698 compeliente
577 1626 685 1690 timore,
698 1619 973 1692 nuuquemeeinre-
1024 1635 1101 1694 stoa,
1121 1627 1248 1699 gaudium
1270 1636 1395 1683 nocuum
1416 1625 1557 1692 Christus,
1574 1637 1674 1684 numus
1692 1635 1821 1685 neam

176 1720 265 1792 gissari
282 1720 337 1773 vita
351 1718 421 1772 allel·
433 1716 512 1774 alleri
527 1731 558 1771 se
568 1711 887 1778 Sllltderffl‚80d1)0mllll
903 1723 973 1766 clim·
986 1703 1011 1765 Β
1023 1717 1158 1786 Christus,
1178 1720 1262 1776 dgnus
1278 1727 1404 1776 nostrum
1423 1718 1565 1786 Clarum,
1586 1718 1700 1778 refectio
1720 1731 1820 1779 mm

176 1811 271 1882 pulsus
286 1810 382 1864 timore
395 1807 499 1877 pariter
511 1813 538 1861 ct
550 1820 652 1868 umore,
667 1804 738 1859 sstut
748 1802 818 1857 alter
829 1801 928 1858 subdat
941 1814 971 1855 se
1021 1811 1157 1877 christus,
1172 1812 1281 1881 require
1295 1817 1389 1867 nostra
1403 1810 1539 1877 Christus,
1553 1813 1646 1868 omnia
1660 1813 1753 1877 bona,
1764 1828 1820 1870 on·

176 1903 268 1968 alteri,
282 1910 310 1957 ei
323 1909 433 1973 regetur
442 1900 512 1955 aller
523 1900 559 1955 ab
570 1900 665 1954 allero.
677 1899 825 1969 Postquam
836 1897 909 1953 enim
923 1911 972 1951 cot·
1022 1902 1068 1958 nia
1087 1911 1191 1969 sancta,
1205 1903 1297 1959 omnia
1310 1902 1448 1968 amabilia,
1463 1902 1555 1959 omnia
1567 1902 1764 1960 desiderabilia
1773 1919 1822 1960 m-

178 1995 298 2050 lromiuis
312 1992 511 2049 tinorllootini
526 1998 662 2062 penetrat,
684 1987 802 2045 festinet
819 1988 872 2044 tibi
888 1987 973 2042 elium
1023 2002 1081 2051 stra
1101 1992 1241 2061 Christus,
1261 2004 1290 2050 et
1302 1995 1359 2050 Deo
1378 1994 1446 2049 nihil
1466 1994 1575 2051 charius
1594 1995 1724 2052 convenit
1739 1997 1821 2052 nobis

178 2086 276 2141 ducem
290 2084 387 2155 querit
401 2083 437 2138 ad
451 2083 552 2148 ritant,
568 2089 599 2137 ιιι
612 2096 667 2151 quo
680 2095 729 2150 per
743 2095 773 2136 se
793 2080 834 2135 ire
850 2088 910 2135 non
925 2093 974 2133 ve·
1024 2083 1127 2140 babere
1138 2099 1220 2155 quam
1226 2084 1376 2141 Christum.
1387 2083 1416 2140 ln
1428 2085 1473 2141 ilio
1487 2085 1560 2142 ιιιιίιιι
1572 2093 1657 2156 etpvr
1669 2086 1748 2142 lllatn
1758 2087 1822 2144 riri

178 2176 227 2243 let,
245 2176 331 2231 altero
348 2177 464 2231 ducente
485 2172 637 2243 perseniae
655 2171 733 2228 Utrde
756 2178 784 2226 et
809 2171 856 2226 hio
878 2169 975 2225 beatus
1025 2190 1097 2243 mua,
1110 2191 1252 2232 movemur
1263 2186 1401 2233 etsuntus.
1412 2176 1561 2247 Propterea
1571 2177 1638 2233 ttibll
1648 2178 1764 2236 ebetius
1775 2177 1823 2235 ilo

179 2268 343 2326 Bettediotus
357 2266 511 2322 uolentibus
525 2273 656 2321 aeternam
677 2261 820 2333 pervenire
835 2261 870 2316 ad
890 2261 975 2316 vitam
1026 2266 1100 2323 aliud
1110 2267 1211 2338 aliquid
1221 2268 1323 2324 hahere
1333 2267 1593 2339 debemugsgdqui
1606 2267 1824 2324 opimium.

178 2360 383 2417 ordinatissime
396 2359 504 2413 initiam
519 2356 610 2427 operis
629 2355 735 2424 viaeque
748 2354 917 2409 domonstrat
931 2352 975 2407 di·
1026 2375 1090 2416 mam
1108 2375 1170 2416 eom
1187 2359 1297 2417 cbristo
1312 2374 1442 2432 regnare,
1459 2359 1559 2416 debent
1570 2361 1631 2416 sitae
1641 2375 1721 2416 mora
1736 2361 1824 2432 irnpe-

180 2464 266 2505 cens:
280 2448 390 2504 Primos
401 2447 563 2503 humilitatis
582 2446 683 2518 grades
694 2451 736 2501 eat
747 2444 902 2500 obedientia
915 2443 976 2498 aine
1026 2452 1096 2506 matt
1114 2452 1240 2518 praetre,
1256 2460 1284 2508 ot
1296 2451 1347 2506 ιω
1363 2451 1436 2522 (guod
1448 2452 1573 2521 εεφιιωι·
1590 2450 1700 2517 aare,
1716 2450 1746 2508 ie
1758 2461 1822 2508 eat:

181 2540 484 2598 mora.lJeobedlentia
495 2540 591 2596 beatus
604 2535 975 2611 disputaturuslienedlctut,
1016 2555 1019 2561 ·
1062 2539 1176 2611 Propter
1185 2542 1320 2596 seruitium
1335 2550 1457 2596 ιιιιιειιιιι
1466 2540 1537 2609 qaod
1549 2540 1664 2612 professi
1677 2549 1761 2605 seat,
1776 2556 1823 2596 aas

181 2651 238 2693 non
262 2636 382 2701 ordinis,
406 2643 438 2691 nt
458 2634 619 2706 predictum
638 2642 699 2699 est,
715 2631 847 2703 gradum,
870 2629 918 2685 sed
937 2628 977 2684 la·
1025 2641 1132 2704 prepter
1153 2639 1252 2685 ιιιιιιιιιι
1272 2632 1408 2702 menae,
1429 2630 1468 2685 oti
1490 2629 1603 2701 ponet·
1624 2629 1685 2686 ιὶιω
1702 2639 1823 2695 cteraae,

181 2729 257 2787 beris
274 2728 472 2787 rationabiliter
490 2730 536 2785 blo
557 2729 649 2799 posuit
666 2728 795 2799 primum.
814 2724 901 2794 Quem
916 2724 976 2781 sine
1026 2737 1089 2777 tttsa
1103 2731 1132 2775 art
1146 2721 1248 2816 aliquid
1263 2722 1419 2792 imperetur
1431 2737 1447 2774 e
1460 2727 1561 2790 ataporr
1575 2720 1669 2790 suam,
1681 2737 1715 2775 ae
1725 2719 1825 2776 deibi-

182 2832 258 2876 mota
281 2819 407 2875 contenit
431 2819 544 2890 implere
564 2816 743 2888 discipulum,
759 2816 805 2886 qui
820 2814 881 2872 elne
898 2826 975 2870 mora
1024 2813 1098 2867 tritus
1119 2814 1271 2883 turparetur,
1293 2824 1395 2866 amram
1414 2811 1470 2881 peti
1494 2810 1613 2866 ιιιιειιιιιι
1634 2809 1666 2865 ia
1688 2809 1822 2880 [abdo.

181 2909 314 2965 coelorurn
330 2910 387 2964 uuit
401 2909 585 2964 conscendere
600 2921 724 2979 regnum.
745 2906 814 2964 Sine
838 2905 976 2963 tardltetls
1027 2903 1141 2976 Propter
1152 2905 1289 2959 seruitium
1301 2908 1423 2959 mattam
1434 2902 1506 2973 qaod
1515 2901 1628 2974 μιιαει·
1640 2910 1723 2969 mat,
1732 2900 1822 2967 dixit,

182 3001 256 3055 calm
269 3014 345 3055 mora
363 3003 513 3057 monachus
524 2995 604 3055 debet
618 2998 708 3056 lacere
720 2997 914 3062 obedientiam,
928 2999 975 3068 qui
1027 2994 1120 3062 idest,
1140 3009 1191 3069 pro
1209 2995 1253 3052 illa
1268 2995 1438 3068 professione
1460 3009 1543 3066 quatu
1560 2994 1711 3051 meamus
1728 3008 1822 3051 earam

180 3095 242 3149 aine
254 3093 381 3146 tarditate
393 3092 492 3146 labans
506 3088 550 3147 sui
565 3091 623 3145 ruit
639 3091 760 3161 recipere
773 3091 893 3161 praemia.
910 3088 976 3145 Sine
1027 3088 1155 3144 monibus
1166 3087 1293 3158 promisit
1313 3093 1376 3141 ante
1393 3085 1479 3141 altare
1496 3085 1612 3142 dimas:
1627 3083 1766 3141 Promitte
1787 3085 1821 3139 dc

184 3181 315 3235 tarditate
328 3181 401 3235 euim
417 3182 500 3236 babet
512 3181 667 3248 uictoriam,
680 3182 729 3252 qui
748 3181 889 3236 humiliter
909 3181 976 3238 obo—
1028 3179 1177 3235 stabilitate
1196 3193 1256 3233 mea
1270 3186 1299 3233 et
1315 3176 1492 3234 conversione
1509 3190 1617 3232 morum
1633 3190 1780 3242 meorum,
1797 3185 1825 3230 et

184 3270 262 3326 diens
275 3279 369 3326 contra
382 3272 487 3327 besem
505 3271 615 3328 iortlter
637 3268 758 3329 dimicat.
777 3272 916 3342 Scriptura
934 3278 979 3327 eat
1025 3271 1194 3337 ειειιιειιιιε,
1209 3285 1301 3326 maru
1316 3271 1373 3326 beo
1385 3278 1414 3326 et
1426 3264 1528 3326 saneta
1545 3268 1615 3340 ejus.
1629 3268 1685 3324 lsta
1703 3282 1774 3341 ergo
1784 3283 1825 3323 te

184 3362 257 3416 enim
273 3380 279 3417 :
299 3360 346 3417 Vir
358 3361 480 3418 obedient
504 3362 624 3435 iegaitur
646 3364 772 3420 uictorias
795 3362 887 3436 (Prae.
907 3365 978 3436 uxr).
1029 3363 1132 3436 gularis
1144 3361 1293 3435 professio,
1306 3363 1328 3418 si
1344 3372 1429 3433 usque
1443 3362 1477 3417 ad
1495 3360 1597 3418 celem
1611 3360 1675 3416 vitre
1688 3360 1715 3415 la
1728 3374 1824 3415 ιιιοιιε-

185 3444 256 3520 Qeid
270 3454 342 3509 enim
357 3454 455 3508 mirum
471 3454 494 3510 si
513 3465 642 3527 peccetur
663 3457 746 3512 bonta
768 3455 933 3512 obedientiae
951 3455 980 3510 in
1030 3453 1116 3510 sterio
1126 3453 1255 3524 operibus
1269 3452 1423 3523 impleatur,
1445 3458 1521 3507 recte
1536 3449 1680 3506 semitm
1701 3438 1825 3505 metatu

186 3546 328 3616 prasentia
337 3546 400 3600 titre
410 3548 545 3603 irretitatc
558 3557 588 3604 se
601 3548 722 3619 subiicit,
735 3548 846 3618 quando
860 3546 982 3616 praeete-
1030 3554 1153 3610 vocatur,
1167 3542 1232 3616 quia
1243 3558 1293 3616 per
1306 3545 1387 3601 latam
1399 3551 1511 3600 sanetus
1524 3542 1824 3605 atron-manebas,

186 3638 275 3691 dictor
286 3637 334 3692 Ωιι·
347 3645 371 3692 et
384 3639 520 3693 bominum
530 3643 697 3712 aeaeipaaat
710 3640 855 3695 trimetrit
867 3641 981 3710 famam
1030 3645 1127 3693 sancto
1139 3636 1254 3693 bonalno
1265 3637 1394 3692 merome.
1406 3631 1441 3690 dt
1452 3635 1512 3692 sire
1523 3648 1575 3704 pro
1591 3633 1647 3688 isto
1660 3631 1787 3698 servibo,
1799 3632 1825 3686 id

187 3728 254 3782 serui
268 3729 413 3799 accipiens,
433 3730 518 3799 {octus
530 3738 573 3785 est
589 3730 708 3786 obedient
724 3730 855 3800 usquead
872 3739 981 3784 mertem
1031 3738 1085 3795 est,
1100 3739 1130 3784 ut
1144 3730 1249 3800 possint
1272 3729 1385 3800 implere
1404 3729 1488 3796 illud,
1510 3728 1574 3798 quie
1596 3725 1696 3795 melios
1712 3730 1759 3780 est
1774 3738 1825 3779 ean

188 3815 272 3887 (Plril.
288 3817 329 3888 ιι).
344 3819 377 3872 Et
388 3820 501 3873 clrarum
519 3820 623 3876 babens
636 3821 793 3882 bominem,
813 3836 893 3890 quiem
917 3836 976 3890 pro·
1032 3838 1133 3880 rovere
1146 3839 1227 3895 quam
1242 3831 1406 3895 pestvotuat
1418 3824 1554 3895 promissa
1565 3818 1621 3878 non
1636 3821 1769 3888 reddere:
1783 3837 1825 3877 rra

188 3917 282 3980 pterea
298 3918 385 3966 morte
399 3911 525 3976 redemit,
541 3913 655 3968 cbamm
678 3928 707 3969 se
732 3911 859 3968 omnibus
879 3913 983 3968 sanctis
1032 3924 1138 3986 propter
1152 3923 1249 3969 meum
1264 3913 1397 3985 gebenna,
1411 3914 1438 3969 ld
1452 3918 1505 3978 est,
1521 3926 1557 3968 ne
1570 3913 1599 3968 io
1612 3913 1768 3984 geliennam
1783 3911 1827 3967 de·

189 4003 247 4058 suia
260 4002 393 4058 exitibuit.
411 4002 489 4059 Unde
501 4011 530 4059 et
544 4003 687 4074 aeqtritut:
1032 4006 1164 4063 recudent
1177 4008 1389 4076 erueieutorque
1403 4013 1551 4071 eternum
1573 4003 1612 4061 rei
1634 4003 1751 4076 glorium
1770 4005 1826 4058 rite

227 4093 291 4148 lime
305 4095 422 4149 conuenit
434 4094 474 4149 bia
488 4095 533 4166 etti
544 4094 609 4151 nibil
623 4096 673 4151 ribi
687 4095 793 4151 cbristo
811 4095 918 4152 cianus
932 4094 983 4151 oli·
1033 4107 1149 4163 retente,
1166 4098 1194 4153 id
1208 4104 1260 4164 eal,
1276 4107 1306 4154 et
1323 4098 1356 4152 ad
1372 4098 1445 4153 illam
1460 4097 1621 4168 pertettiant
1634 4095 1769 4169 gloriam,
1786 4105 1825 4160 ιιι,

188 4183 251 4255 gurd
265 4185 425 4239 existimant.
441 4184 512 4240 bibit
525 4186 636 4242 omnino
649 4197 679 4242 nt
691 4187 831 4243 Christum
850 4185 984 4242 Christia-
1033 4189 1169 4256 slcutaol,
1183 4190 1210 4246 in
1228 4197 1376 4262 conspectu
1400 4189 1490 4246 Patris
1510 4190 1648 4260 fulgeant,
1665 4189 1826 4251 clarescant,

188 4295 241 4333 uus
252 4278 329 4333 debet
337 4278 439 4334 babere
445 4278 569 4344 charum,
579 4277 644 4348 quia
657 4278 820 4349 idipsum,et
832 4292 887 4333 non
900 4277 984 4332 alium
1033 4279 1154 4337 luceant.
1171 4280 1231 4335 llox
1245 4291 1275 4336 ιιι
1287 4279 1389 4350 aliquid
1402 4279 1564 4350 imperatum
1582 4294 1597 4332 a
1613 4278 1720 4350 majore
1728 4276 1825 4341 merit,

190 4385 268 4423 suurn
279 4368 447 4435 Creatorem,
463 4368 673 4440 Redemptorem
690 4369 831 4438 cognoscit
844 4373 874 4423 et
894 4369 984 4424 bomi-
996 4392 1023 4452 D
1034 4373 1105 4428 acsi
1123 4371 1254 4428 divinitus
1274 4371 1434 4442 imperetur,
1449 4383 1553 4426 mamm
1575 4367 1633 4441 pati
1656 4368 1783 4424 nesciam
1801 4367 1827 4423 in

191 4458 982 4528 nutu.NihilergoutChrlstumdebemuababercclranrm,
1033 4463 1170 4537 lamando.

191 4552 254 4620 quia
275 4551 319 4606 iile
343 4551 411 4606 nihil
431 4550 473 4608 sic
490 4553 604 4607 charum
623 4553 697 4608 sicut
720 4552 871 4609 electorem
890 4551 986 4607 babuit
1070 4554 1214 4626 Pagades
1226 4556 1354 4612 bonanae
1367 4554 1435 4613 tter
1447 4567 1457 4608 .·
1469 4555 1508 4610 tt
1522 4554 1702 4609 eadittnttria
1717 4552 1826 4608 eosdm

192 4652 351 4699 cernemus.
363 4641 409 4699 Sic
423 4644 496 4699 cuim
511 4645 636 4716 dignatus
646 4647 858 4701 estnoscharos
870 4646 983 4712 babere,
1033 4645 1099 4700 milti
1110 4643 1198 4719 (Paul.
1210 4662 1284 4713 auru
1299 4646 1328 4703 ll
1340 4647 1404 4719 fleg.
1418 4647 1498 4719 ran).
1509 4646 1539 4702 lu
1550 4653 1605 4712 est,
1615 4645 1644 4700 itt
1655 4646 1715 4717 ipse
1725 4644 1826 4708 auditu,

192 4742 223 4788 ut
233 4749 284 4803 pro
294 4738 374 4792 nobis
386 4752 440 4792 uon
455 4747 593 4793 recusaret
607 4752 685 4793 suum
698 4742 807 4794 sacrorn
825 4738 984 4808 sangninem
1032 4752 1089 4808 uuo
1099 4752 1195 4794 rocem
1209 4753 1298 4795 meam
1312 4738 1428 4806 audivit,
1443 4739 1535 4795 statim
1549 4746 1577 4793 et
1591 4739 1652 4793 sine
1666 4752 1746 4793 mora
1765 4737 1826 4792 mibi

178 4824 316 4879 'lttndore
333 4825 375 4880 Sit
389 4842 454 4899 crgo
471 4828 571 4883 elrarus
589 4835 621 4883 ut
635 4825 726 4892 Pater,
747 4844 798 4884 nos
819 4828 857 4883 illi
878 4835 910 4881 ut
923 4827 982 4882 filii.
1033 4831 1232 4902 obtemperavit
1245 4839 1272 4888 et
1285 4831 1414 4889 obedivit.
1429 4832 1486 4889 litte
1501 4834 1573 4889 enlm
1592 4830 1782 4889 testimonium
1797 4830 1827 4885 de

193 4915 342 4986 Diligamus
359 4933 422 4989 ergo
438 4916 583 4974 Dominum
598 4917 690 4975 lesum
700 4918 850 4985 Cluristorn,
865 4920 928 4988 qutia
939 4918 985 4975 ille
1033 4923 1206 4996 psalmoxrn
1219 4933 1420 4996 sumptumst,
1434 4926 1479 4982 ubl
1494 4927 1608 4998 popolus
1620 4926 1745 4998 gentium
1763 4922 1827 4980 laci·

79 5064 80 5067 Ἴ
192 5007 268 5078 prior
285 5007 379 5062 dilexit
394 5020 454 5075 nos,
468 5019 496 5065 et
509 5011 621 5066 tradidit
637 5010 812 5082 semetipsum
828 5026 878 5083 pro
897 5008 984 5066 nebia
1033 5013 1120 5071 litatis
1141 5017 1310 5073 credulitatis
1333 5017 1460 5073 laudabar
1480 5030 1497 5072 a
1518 5015 1652 5079 Domino,
1674 5017 1724 5088 qni
1747 5012 1829 5072 etalio

192 5096 267 5152 ilibil
280 5098 533 5158 enimamoriilliua
546 5099 674 5158 debemus
686 5114 860 5173 preponere,
873 5101 921 5156 sed
937 5116 985 5157 so·
1035 5108 1175 5177 corporeis
1194 5106 1338 5162 Dominum
1360 5114 1483 5163 nostrum
1505 5104 1598 5162 lesum
1617 5104 1761 5162 Constare
1779 5108 1828 5161 noo

192 5203 244 5262 per
257 5191 347 5245 omnia
364 5190 492 5248 debemus
506 5206 569 5248 eum
579 5207 672 5249 amare
682 5202 763 5263 atque
776 5193 888 5263 diligere
901 5210 907 5246 :
921 5192 985 5262 quia
1034 5201 1171 5267 uiderunt,
1183 5198 1231 5257 sed
1241 5199 1274 5256 de
1284 5199 1331 5254 illo
1340 5199 1550 5271 praeiacentibus
1560 5198 1691 5268 apostolis
1702 5198 1830 5254 velociter

194 5295 256 5335 cum
276 5280 320 5335 illo
344 5295 485 5350 speramus
500 5282 527 5337 in
542 5291 672 5338 mtcmum
694 5297 819 5354 regnate.
838 5282 898 5354 lpse
913 5281 985 5338 euim
1036 5294 1221 5351 crediderunt,
1235 5291 1357 5360 Quorum
1370 5290 1510 5363 oxeinplar
1520 5298 1548 5346 et
1563 5289 1691 5346 monachi
1701 5288 1828 5346 obedieu-

195 5372 233 5426 ¹¹³¹
243 5390 249 5425 ²
261 5370 315 5437 Qui
329 5382 401 5426 “mal
415 5381 516 5442 Panem
529 5383 574 5426 Μ’
589 5382 699 5426 mamm
710 5373 768 5443 illi
779 5387 857 5444 qnam
869 5389 922 5437 mer
934 5387 986 5425 '‘⁰'‘
1036 5397 1077 5444 tes
1089 5388 1169 5444 modo
1183 5392 1344 5458 sequuntur,
1356 5386 1401 5456 qui
1413 5384 1569 5440 senioribus
1582 5392 1597 5437 a
1611 5378 1670 5439 Deo
1686 5383 1779 5438 missis
1793 5378 1830 5435 la·

194 5471 232 5515 ‘⁸‘
245 5463 392 5534 'Midum
408 5460 517 5535 (M‘m'b
538 5461 658 5536 ¹)·0¹¹i⁸
673 5463 745 5519 ‘¹¹¹⁰‘
766 5472 819 5529 ΜΨ
837 5463 937 5518 ⁵¹⁰¹²¹¹⁸
957 5470 987 5516 ⁰²
1036 5482 1123 5538 ciliter
1136 5479 1273 5536 obediunt.
1290 5478 1323 5533 Et
1338 5486 1366 5533 ut
1379 5476 1530 5548 intelligant
1543 5490 1597 5531 uon
1618 5472 1830 5531 tantumselo·

195 5553 375 5626 ''0¹¹05P011³⁸¹
387 5553 494 5615 ⁰¹¹¹oeoe
505 5553 573 5628 [Νη
588 5553 727 5626 θῐῑδῑθῖθῑι
740 5565 770 5609 ¹¹¹
781 5555 863 5609 ‘'³¹³¹'‘
875 5563 903 5609 ⁰²
914 5552 985 5609 ⁸³¹⁰·
1036 5574 1113 5637 mini,
1130 5573 1177 5627 scd
1190 5569 1276 5640 ungis
1287 5570 1344 5624 lieo
1361 5569 1487 5631 obedire,
1509 5576 1537 5622 et
1551 5567 1738 5624 obedientiam
1752 5580 1830 5638 quam

197 5656 250 5701 loru
268 5661 344 5702 suoru
362 5662 416 5703 uon
434 5647 498 5704 volit
513 5646 642 5720 diligere?
653 5645 777 5703 Christus
791 5655 831 5701 est
846 5647 918 5702 euim
930 5644 984 5700 tila
1037 5664 1183 5736 ,ngjgpgpus
1206 5661 1350 5728 exhibent,
1374 5655 1531 5716 repjputorl
1554 5657 1679 5715 omnium
1699 5658 1832 5714 honorum
