3794 6120
128 303 180 362 tlt
774 285 948 346 subudum
966 280 1111 340 tostus
1699 274 1749 331 ild

132 417 272 489 «quidam
296 427 391 471 eorum
413 416 593 475 tentaremnt,
608 416 636 463 et
661 405 1017 477 aserpentibuspeiimee
1042 397 1186 452 insidiosos
1219 394 1330 463 laqueos
1354 397 1548 495 per-stertentes,
1578 387 1677 490 quibus
1701 405 1751 493 noe

131 526 141 558 ι
165 507 277 562 rierunt.
293 503 385 572 Neque
397 490 630 554 murmuraveritis
653 497 723 550 sicut
742 493 850 564 quidam
863 505 910 546 co-
962 489 1097 545 scuscriut
1117 493 1261 557 egrotare,
1287 493 1318 539 ut
1334 482 1409 539 vcrbr
1432 491 1528 552 praua,
1554 479 1752 581 cuturrdennt

132 616 141 648 ι
163 611 223 650 rum
247 596 494 653 murmuraverunt,
518 593 546 642 et
568 586 709 656 perierunt
735 585 769 638 ab
786 580 913 638 extermi-
963 577 1136 634 rationabiles
1160 578 1256 629 auimae
1271 580 1369 628 nostre
1384 580 1475 642 partes
1497 584 1558 625 esse
1578 577 1690 623 rrtratas
1708 568 1752 625 uto

133 704 143 736 ι
163 693 266 739 nature.
290 681 353 736 llaec
366 688 455 734 autem
469 677 561 733 omnia
574 676 602 730 in
623 674 710 746 ligura
723 671 914 739 contingebant
963 685 1012 724 nos
1025 668 1120 723 ordine
1141 667 1266 735 decipere
1280 664 1435 718 moliantur.
1452 661 1505 717 Sed
1526 660 1646 715 Phineos
1667 675 1753 762 sacen

131 774 225 828 rillis.
254 771 361 843 Scripta
392 779 455 825 suut
479 776 570 824 autem
599 768 633 822 ad
653 765 850 835 correptionem
864 775 913 816 uo
962 758 1011 812 dos
1034 757 1146 819 zelatus,
1162 763 1192 809 ut
1213 754 1260 808 Dei
1285 752 1403 806 furorem
1424 751 1554 821 placaret,
1573 749 1754 851 Zamlrrrmet

131 882 143 916 r
163 871 259 926 stram,
273 862 301 916 in
328 876 396 931 quos
417 859 486 913 tlnes
499 857 658 912 sacculorum
674 854 848 910 devenerunt.
863 847 914 903 lta·
963 851 1081 900 scortum
1095 842 1278 904 bladianitida,
1295 842 1321 942 iu
1335 841 1452 941 pugione
1476 840 1625 942 translimt,
1648 839 1752 941 signifi·

132 973 144 1007 r
163 970 216 1025 que
228 952 273 1023 qui
287 967 318 1007 se
331 951 469 1005 existimat
487 957 570 1012 stare,
588 947 678 1002 uideat
689 959 723 999 ne
735 943 823 999 cadat.
844 940 915 995 Ten-
962 948 1027 989 cans
1039 948 1088 1002 per
1111 947 1221 987 crucem
1246 931 1361 1032 Domuu,
1382 929 1539 1034 uousolum
1561 928 1753 1032 idololatrum,

131 1065 144 1099 ι
163 1045 230 1101 tatio
241 1059 287 1099 uos
307 1056 361 1097 uon
388 1039 571 1110 apprehendat
594 1037 645 1092 uisi
663 1037 790 1091 bumana.
814 1030 914 1086 Fidelis
963 1021 1011 1076 sul
1024 1023 1105 1076 eliam
1125 1036 1243 1122 omnem·
1255 1037 1346 1074 cartus
1358 1018 1494 1119 allectum,
1507 1020 1551 1075 vel
1564 1034 1755 1090 coneuprsoen·

132 1157 143 1187 a
165 1145 256 1190 aurem
270 1133 342 1188 Deus
352 1138 404 1197 est,
415 1131 460 1199 qui
480 1144 533 1183 non
557 1128 675 1198 patietur
687 1139 736 1179 ros
759 1119 858 1177 tentari
869 1134 915 1173 su·
964 1110 1028 1165 tiam
1043 1111 1138 1180 periuu
1155 1108 1256 1174 seculi,
1270 1117 1298 1162 ct
1310 1118 1373 1163 tuuc
1386 1107 1487 1176 placari
1503 1107 1600 1174 Deum
1621 1108 1687 1163 dum
1697 1122 1755 1163 car·

132 1239 212 1294 cpra
233 1223 260 1277 id
274 1223 345 1291 quod
373 1220 497 1290 potestis,
526 1218 572 1272 sed
591 1215 672 1270 laciet
689 1227 750 1268 cum
767 1208 914 1265 tentatione
964 1201 1006 1257 nis
1018 1201 1197 1271 exstinguitur
1210 1200 1314 1255 vitium.

134 1332 144 1363 ι
165 1314 245 1368 eliam
259 1318 425 1381 proveniunt,
437 1319 468 1364 ui
479 1307 588 1379 pOSSlllS
603 1305 771 1361 sustinere.»
999 1311 1090 1382 Neque
1108 1321 1233 1366 torpemus
1256 1310 1400 1378 Ciminum,
1423 1313 1490 1366 giem
1516 1309 1627 1381 qnidam
1652 1325 1753 1373 ema,

168 1405 229 1459 Non
250 1404 331 1457 simus
356 1402 565 1470 concupiscentes
582 1396 723 1458 malorum,
749 1393 816 1448 sicut
831 1400 855 1445 ct
874 1388 915 1444 itti
964 1410 1017 1457 eie,
1045 1402 1228 1466 iioeesgnei)
1248 1403 1274 1456 iii
1292 1402 1474 1458 tribulationis
1496 1387 1626 1472 pressisti
1645 1401 1755 1457 mimi.

132 1495 325 1565 ‘Odwdfmnb
347 1490 397 1562 (El
418 1487 588 1558 1511101θᾶῙῦ
606 1486 685 1540 ῑθῑῐῑῦ
708 1483 812 1538 didimi
839 1495 916 1535 ¹³³⁰·
965 1507 1037 1558 eum,
1049 1494 1094 1563 qui
1109 1508 1158 1548 uos
1173 1493 1392 1548 tribulationibus
1410 1494 1516 1564 probat.
1545 1491 1644 1547 Narrat
1659 1494 1757 1563 quippe

132 1587 218 1648 sione,
238 1590 421 1654 uuaerocatur
442 1580 565 1650 scpulcra
577 1575 810 1646 coucupiscentia,
834 1587 916 1643 popu·
965 1581 1032 1637 liber
1051 1581 1227 1638 Numerorum
1249 1583 1312 1653 quia
1336 1598 1481 1652 percussus
1499 1584 1524 1637 iu
1538 1596 1630 1637 cremo
1644 1582 1757 1652 populus

132 1675 174 1729 lus
189 1673 328 1728 fastidiens
354 1671 494 1727 coelestem
515 1683 622 1739 panem,
648 1681 744 1720 carnes
776 1663 916 1736 AEssyblisss
966 1671 1048 1726 lsrael
1072 1672 1177 1726 itineris
1199 1671 1270 1742 longi
1295 1686 1327 1727 ac
1341 1672 1442 1727 laboris
1461 1688 1545 1728 onere
1563 1673 1756 1737 murmurarit,

132 1762 304 1826 desideravit,
325 1760 475 1828 nrultosque
495 1757 585 1813 subito
610 1754 714 1810 vorarit
737 1743 1027 1818 incendiumeBiieo
1050 1762 1179 1817 pominus
1206 1763 1311 1816 misiiii
1337 1764 1364 1817 in
1390 1762 1463 1817 illum
1477 1763 1576 1832 ignum
1603 1770 1757 1832 semem,

132 1851 229 1921 quillus
240 1850 394 1913 tdoeefflul,
416 1855 445 1902 1¹²
465 1848 512 1917 qui
522 1843 726 1907 ⁰⁰¹¹ler⁸²ll⁰ssss
740 1840 916 1911 relinquimus
967 1850 1054 1921 Plagae
1063 1850 1143 1920 igitur
1156 1851 1320 1920 serpentium
1332 1852 1475 1921 ignitorum
1487 1865 1593 1906 tenena
1606 1851 1760 1907 suutsitio-

132 1942 271 2004 sseculum,
286 1949 314 1995 et
336 1938 479 2010 AEpyptias
500 1937 578 2003 ollas,
593 1936 685 1999 idest,
704 1932 855 1988 eumalium
868 1931 917 1986 de·
967 1957 1037 2006 ium,
1061 1955 1121 2011 qum
1143 1941 1260 1995 arriroam
1279 1957 1360 2010 quam
1381 1949 1495 2012 tangunt
1521 1941 1659 2010 spirituali
1674 1952 1760 1997 morta

132 2030 292 2086 pinariorum
328 2027 449 2084 terrores
477 2027 698 2097 coummpsimus,
733 2035 787 2077 ¹¹0ss
817 2021 917 2076 debere
966 2032 1112 2102 perimunt,
1131 2039 1158 2086 ct
1177 2032 1244 2086 boue
1286 2047 1459 2086 murmurans
1482 2039 1578 2086 contra
1615 2030 1759 2086 Dominum

132 2133 301 2175 murmurare
322 2128 416 2174 contra
441 2118 579 2174 coelestem
604 2130 711 2186 panem,
725 2129 776 2168 nec
799 2112 917 2166 vidden·
967 2119 1081 2190 populus
1111 2121 1276 2188 serpentium
1305 2120 1440 2174 morsibus
1468 2117 1653 2183 sternebatur,
1686 2127 1760 2172 utex

133 2210 186 2263 tias
197 2207 397 2278 AEgyptiorum,
410 2208 457 2278 qui
478 2215 541 2261 surrt
553 2219 712 2275 nragnarum
724 2203 858 2267 carnium,
870 2189 917 2256 ’ΒΜ
967 2211 1062 2265 ordine
1077 2208 1173 2280 flagelli
1187 2210 1331 2266 exterioris
1352 2219 1519 2281 agnosceret,
1539 2218 1675 2279 qrrantum
1690 2210 1760 2266 intus

132 2297 282 2367 simplicem
305 2296 396 2351 cibum
415 2310 533 2360 manna),
554 2294 582 2349 ill
607 2301 649 2348 ⁰⁵¹
669 2306 765 2362 duram
778 2290 917 2346 coeleslem
967 2300 1115 2370 perniciem
1133 2301 1328 2355 murmurando
1342 2308 1490 2371 pateretur.
1507 2300 1591 2355 Recte
1603 2301 1759 2371 etenimper

132 2389 369 2458 clamosarum
384 2387 503 2457 alioquin
516 2387 538 2442 ⁸1
553 2393 614 2455 [³081
638 2392 794 2456 perceptam
820 2379 919 2453 angeli·
967 2401 1107 2461 serpentes
1122 2402 1243 2460 peccam,
1258 2410 1319 2463 urim
1337 2394 1455 2449 animam
1470 2394 1552 2450 simul
1570 2403 1599 2450 ct
1612 2410 1714 2467 cur-pus
1727 2396 1758 2451 ad

132 2493 194 2532 cam
207 2493 332 2532 mannam
340 2492 399 2547 quae
411 2478 493 2533 estin
502 2477 578 2532 coelis
589 2477 644 2531 rita
655 2475 712 2531 sire
721 2473 854 2539 doctrina,
862 2487 919 2526 rur·

134 2583 180 2622 sus
193 2582 289 2623 carues
302 2567 454 2639 AEgyptias,
477 2583 537 2639 que
555 2575 618 2624 sunt
639 2566 762 2622 carnales
777 2564 859 2635 buius
869 2579 919 2620 sae-

131 2656 187 2711 culi
208 2655 359 2726 uoluptates
375 2666 403 2712 ct
427 2656 652 2729 concupiscentie
672 2649 847 2726 pristinorum
860 2669 918 2710 mo·

134 2760 206 2811 rum,
219 2746 383 2802 voluerimus
405 2754 542 2817 appetere,
570 2746 724 2801 vorabimus
739 2759 876 2810 nauseam,
891 2752 919 2799 et

133 2839 223 2894 statim
238 2837 343 2893 Domini
365 2838 427 2909 igne
449 2839 645 2909 torquebimur,
673 2837 919 2907 desideriumque

132 2944 185 2998 ciue
199 2936 321 2984 nostrum
340 2930 454 2984 vertitur
468 2930 495 2983 iu
509 2930 634 2994 tumulos,
646 2936 676 2983 ιιι
690 2930 775 2984 simus
796 2927 916 2999 sepulcro

132 3019 263 3085 dealbata,
276 3035 335 3089 que
356 3018 421 3086 loris
435 3028 560 3089 apparent
574 3019 721 3072 beatioribus
732 3018 861 3088 specioso,
876 3019 916 3071 iu·

132 3119 175 3161 tus
201 3117 288 3161 autem
317 3105 394 3176 plene
425 3117 485 3159 sum
502 3106 602 3160 ossibus
624 3115 786 3159 mortuorum
809 3105 916 3178 (lluttlr.

134 3197 223 3266 narrt).

169 3285 259 3356 Neque
287 3285 433 3341 idololatrae
468 3287 630 3356 esdriutttini,
659 3289 727 3342 sicut
756 3288 864 3359 quidum
887 3306 920 3342 en

132 3376 206 3446 ipris,
225 3379 453 3448 quemadmodum,
476 3391 529 3438 etc.
556 3383 616 3439 lllos
638 3384 724 3453 tangit
747 3383 793 3452 qui
808 3383 835 3437 iu
849 3382 919 3438 idolo

130 3468 345 3538 exsultabantur,
374 3480 498 3541 putantes
519 3489 549 3529 se
568 3475 733 3529 immunesa
754 3475 878 3538 crimine,
892 3482 919 3528 ιι

132 3566 271 3626 comparat
293 3561 334 3617 eis
356 3561 402 3630 qui
422 3562 473 3617 sibi
488 3564 515 3618 in
537 3579 629 3619 cremo
652 3564 765 3619 vitulum
785 3564 915 3628 lecerunt,

131 3656 160 3702 et
178 3649 356 3707 adorauerunt
367 3653 553 3721 ludentes,sed
567 3657 644 3711 multi
657 3673 690 3713 ex
704 3659 744 3712 cis
764 3659 918 3729 interempti

131 3738 270 3805 perierunt
284 3739 381 3811 (licead.
395 3759 481 3809 xxxta,
494 3744 520 3799 N
523 3763 576 3801 um.
589 3747 655 3817 ιιι),
668 3754 697 3801 ιιι
711 3748 873 3818 intelligatur
890 3749 917 3802 iu

133 3825 239 3881 illorum
253 3828 392 3885 bominum
405 3833 611 3904 interemptione
627 3835 774 3905 significari
790 3837 916 3891 uitiorum

133 3933 236 3973 uocem.
264 3920 292 3975 lu
304 3921 367 3976 talia
391 3924 488 3993 quippe
500 3925 565 3980 uitia
583 3926 679 3980 saevire
693 3942 742 3980 rros
753 3925 831 3996 jubet
844 3925 917 3996 dito·

130 4006 225 4071 stolus,
248 4024 309 4063 eum
323 4011 406 4066 dicit:
428 4011 586 4082 llortiiicate
599 4013 714 4068 utcmbru
735 4025 818 4069 tertre
839 4031 917 4085 super

130 4108 237 4162 terram,
250 4099 462 4167 ioruicott'onem,
475 4103 680 4166 iratrrtunditt‘am,
694 4104 838 4170 lustralem,
855 4122 915 4159 cou-

128 4189 314 4258 cupiscentium
326 4191 434 4260 molem,
451 4194 710 4265 mammarumque
729 4205 766 4250 eat
785 4194 915 4249 idolorum

128 4281 239 4333 renuam
253 4280 320 4351 (dot.
336 4282 388 4354 ru).

166 4369 255 4441 ll'euae
273 4371 441 4441 ferramentum,
473 4375 539 4428 sicut
564 4374 671 4446 quidam
696 4391 729 4429 ca
754 4377 817 4446 ipsis
831 4376 915 4445 [ortti-

128 4460 181 4512 cuti
194 4469 266 4525 euru,
278 4469 330 4515 etc.
343 4461 489 4517 Corrsilium
505 4464 603 4534 quippe
613 4464 725 4521 dederat
738 4465 847 4521 Balaam
858 4482 904 4537 reg

104 4566 108 4571 ·
130 4546 235 4611 balaac,
251 4555 281 4601 ιιι
301 4549 429 4605 mulieres
444 4551 470 4605 iu
490 4554 629 4609 meritorio
650 4565 772 4625 poneret,
797 4565 825 4610 ιι
853 4565 916 4611 aruc

129 4638 224 4705 jarruas
248 4653 342 4694 eorum
364 4657 436 4708 aras,
462 4653 491 4698 ut
513 4647 713 4702 vertienlessslii
733 4647 827 4712 lsrael,
840 4648 916 4717 prius

130 4729 312 4785 sacrificarent
326 4732 416 4800 idolis,
433 4735 516 4790 etsie
542 4737 747 4808 ingrederentur
764 4739 796 4793 ad
821 4739 916 4795 nrulic-

130 4835 183 4882 res,
198 4821 267 4876 unde
280 4832 321 4877 est
333 4823 481 4881 loruicatus
495 4827 576 4882 lsrael
589 4846 651 4885 cum
663 4830 770 4886 filiabus
796 4831 912 4886 bladino.

130 4907 182 4962 Sed
202 4910 266 4979 quid
278 4915 401 4982 estquod
421 4915 470 4970 iste
496 4916 606 4973 Bnlaam
620 4920 747 4990 populum
763 4921 810 4976 Dei
832 4936 911 4990 posse

128 4999 214 5069 decipi
228 5010 302 5057 certa
318 5005 421 5061 ratione
449 5006 558 5080 colligit,
575 5009 644 5066 daus
663 5012 817 5076 consilium,
834 5021 864 5066 ut
877 5028 910 5068 ιιι

127 5088 172 5143 illa
190 5099 277 5158 parte,
299 5110 352 5164 (iura
368 5095 500 5154 indurumi
523 5109 636 5157 nouerat
659 5103 727 5159 lilios
743 5103 834 5167 lsrael,
850 5121 912 5175 per-

128 5179 306 5239 niciosiuseis
332 5184 419 5254 laquei
440 5190 623 5259 tenderentur,
649 5210 701 5248 rum
726 5195 850 5249 dubitans
864 5212 910 5251 cus

125 5271 215 5327 oblata
228 5273 305 5344 copia
334 5276 507 5345 seminarum,
526 5282 711 5339 fornicatiouis
733 5285 810 5339 ruina
826 5287 909 5354 proti-

126 5382 176 5420 rms
199 5369 365 5441 collapsuros
391 5377 455 5445 quia
466 5379 689 5448 concupiscibiles
707 5380 804 5434 animae
815 5395 908 5435 eorum

124 5468 215 5527 partes
230 5461 333 5517 sciebat
345 5479 405 5520 esse
419 5468 583 5535 corruptas?
598 5469 636 5523 lta
647 5485 712 5538 crgo
736 5485 910 5541 utrumquem·

124 5561 176 5614 ciue
192 5559 313 5607 nostrum
334 5554 460 5624 nequitiae
475 5565 582 5610 uersuta
603 5558 779 5627 nraliguitate,
803 5561 829 5614 iu
845 5560 909 5629 lugu-

126 5650 154 5689 ra
170 5639 279 5699 Balaam
300 5655 464 5717 pertentant,
487 5648 538 5704 illis
549 5651 683 5722 praecipue
699 5653 838 5710 affectibus
851 5655 908 5709 arri--

968 2483 1106 2538 interitum
1121 2486 1243 2549 trahunt,
1257 2487 1453 2555 exprimuntur.

1004 2593 1094 2666 Neque
1107 2597 1343 2661 marmurorcritia,
1371 2598 1438 2651 sicut
1458 2599 1566 2669 quidum
1581 2614 1672 2653 corum
1685 2615 1759 2654 mar·

968 2696 1147 2751 oneraverunt,
1162 2695 1214 2742 etc.
1242 2687 1319 2754 Quod
1330 2697 1420 2743 autem
1432 2688 1498 2745 dicit
1512 2690 1654 2759 perierunt
1664 2690 1698 2744 ab
1709 2705 1757 2745 et·

969 2778 1152 2849 terminatorc,
1177 2788 1224 2833 aut
1239 2779 1272 2834 ab
1288 2780 1383 2851 angelo
1408 2780 1570 2852 intelligitur
1583 2780 1756 2852 percutienti,

968 2875 1015 2921 aut
1025 2867 1078 2937 igni
1092 2867 1249 2925 devorante.

1004 2977 1068 3031 llu’c
1078 2988 1165 3033 uatem
1176 2982 1264 3034 ornatio
1273 2983 1299 3034 iu
1316 2982 1401 3051 {lpum
1417 2985 1599 3055 coutirrpcbmrt
1613 2985 1679 3052 iilia,
1693 2987 1757 3041 acri·

932 3078 1088 3157 cpiarum
1104 3072 1242 3126 autentod
1260 3075 1448 3144 correptionem
1467 3087 1594 3131 nostram.
1622 3078 1676 3148 (Ex
1701 3076 1758 3133 ru·

971 3163 1051 3235 mas.)
1069 3163 1239 3235 Omniaque
1263 3167 1303 3221 eis
1320 3168 1489 3239 contigerunt
1513 3171 1663 3225 scerrndum
1688 3160 1757 3227 iscla

970 3268 1019 3307 sua
1032 3263 1202 3324 receperunt,
1217 3257 1265 3312 sed
1277 3266 1367 3313 tamen
1380 3258 1441 3315 ideo
1454 3261 1554 3331 scripta
1578 3270 1651 3327 sunt,
1663 3246 1698 3318 ne
1709 3276 1758 3319 nos

969 3351 1094 3414 pulensus
1121 3345 1231 3416 impune
1254 3365 1377 3419 peceare.
1400 3350 1428 3405 Si
1442 3353 1514 3406 euim
1528 3353 1619 3408 adhuc
1639 3352 1758 3424 paruulis

969 3440 1016 3487 aot
1030 3434 1139 3490 rudibus
1154 3450 1206 3490 non
1222 3438 1354 3506 pepercit,
1372 3448 1473 3508 qrrauto
1495 3439 1582 3512 magis
1603 3443 1693 3507 uobis,
1711 3440 1757 3514 rial

970 3519 1036 3590 legis
1059 3522 1254 3593 perlectionem
1279 3526 1436 3596 accipimus,
1456 3544 1510 3584 non
1528 3539 1639 3600 parcet,
1655 3532 1678 3587 si
1694 3530 1758 3588 talia

968 3612 1128 3669 fecerimus!

1006 3704 1061 3776 (Ec
1076 3704 1200 3777 Hieron.)
1214 3708 1242 3762 lu
1258 3712 1301 3765 illa
1313 3720 1447 3782 scriptura
1463 3729 1523 3783 uua
1535 3712 1644 3769 Veteris
1665 3714 1758 3771 Testa·

968 3796 1052 3850 menti
1071 3796 1170 3851 dicitur
1181 3797 1284 3854 uorum
1296 3799 1498 3856 Testamentum
1512 3801 1700 3860 abscunditum
1717 3802 1757 3859 la·

967 3894 1015 3949 tet,
1037 3894 1165 3956 tauquam
1188 3889 1215 3943 in
1231 3889 1289 3944 lece
1315 3891 1495 3961 corporalium
1514 3901 1756 3950 sacramentorum.

967 3981 1143 4035 Circurrtcisio
1166 3983 1256 4036 caruis
1282 3983 1441 4053 intelligitur
1465 3985 1637 4039 circumcisio
1656 3984 1754 4041 cordis.

967 4070 1106 4140 Tcruplum
1122 4072 1278 4143 intelligitur
1297 4090 1394 4143 corpus
1416 4074 1531 4129 Domini.
1561 4074 1648 4130 ‘lcrm
1663 4090 1756 4147 repro-

967 4160 1102 4217 missionis
1124 4162 1280 4233 intelligitur
1300 4180 1412 4235 reguum
1435 4166 1576 4220 emiorum.
1607 4166 1656 4222 Est
1679 4174 1758 4239 typus

966 4252 1006 4308 rel
1021 4252 1105 4322 figura
1118 4256 1288 4323 presentium
1303 4264 1330 4309 ιι
1344 4257 1553 4324 ριιιιιιιιοιιιιιι,
1562 4268 1589 4312 ιι
1604 4256 1758 4314 saturantur

967 4356 1056 4395 rerum
1083 4343 1245 4414 ignotarum.
1278 4345 1478 4400 interemtorum
1502 4358 1582 4418 typus
1608 4357 1651 4404 est
1680 4356 1756 4406 eate-

907 4467 915 4520 i
928 4445 954 4503 1)
967 4447 1146 4487 curncuorum
1158 4433 1306 4500 humilitas,
1324 4444 1415 4505 typum
1435 4437 1506 4491 enim
1519 4445 1618 4508 gerunt
1642 4436 1710 4494 uuo
1725 4438 1761 4495 dr

965 4525 1090 4594 paradiso
1100 4525 1221 4594 expulso.
1249 4535 1277 4581 ct
1291 4542 1324 4582 ex
1335 4529 1500 4582 couscientia
1513 4528 1677 4584 delictorum
1691 4529 1783 4585 diri-

964 4632 1029 4671 uum
1043 4619 1187 4672 metuentis
1202 4628 1351 4688 aspectum,
1376 4629 1485 4691 propter
1509 4621 1580 4690 quod
1600 4630 1629 4676 et
1642 4637 1694 4694 per
1707 4638 1764 4693 pu-

964 4707 1063 4761 blicum
1077 4708 1211 4776 capitibus
1225 4710 1304 4764 tectis
1318 4710 1455 4765 incedunt.
1481 4711 1661 4767 Praeseutium
1679 4720 1793 4785 typus

964 4812 1005 4856 cst
1022 4804 1105 4858 uestis
1118 4803 1219 4869 Aarorr,
1235 4822 1296 4875 utrae
1307 4805 1448 4860 duodecim
1462 4805 1579 4861 tribuum
1595 4807 1710 4863 nomina
1720 4806 1772 4862 la-

964 4892 1071 4961 pidibus
1086 4893 1212 4961 insignita
1221 4895 1353 4964 gestabat,
1369 4895 1515 4949 osteudens
1525 4910 1554 4949 sc
1565 4909 1617 4964 pro
1630 4894 1772 4951 omnibus

963 4980 1161 5049 quodammodo
1183 4982 1288 5051 populis
1302 4983 1463 5053 eruutlicarc
1500 4983 1670 5039 Futurorum
1679 4992 1764 5057 typus

962 5080 1003 5125 ost
1028 5072 1054 5125 iu
1066 5072 1168 5128 duobus
1184 5072 1246 5127 liliis
1265 5073 1352 5139 isaac,
1365 5073 1392 5128 iu
1408 5073 1505 5143 quibus
1516 5076 1570 5129 duo
1580 5073 1767 5130 Testamenta·

962 5169 1110 5215 monstrata
1126 5170 1198 5216 sunt.

997 5269 1030 5324 lu
1049 5287 1113 5340 quos
1139 5270 1204 5338 fines
1230 5272 1386 5325 arcendorum
1410 5271 1578 5327 devenerant.
1609 5274 1638 5327 ld
1662 5272 1751 5340 estin

962 5376 1030 5429 uirus
1053 5370 1106 5415 tota
1125 5361 1237 5430 justitie
1261 5361 1391 5432 perfectio
1414 5362 1496 5427 cadit,
1524 5363 1596 5418 sicut
1622 5364 1749 5434 scriptun

962 5459 1020 5502 est:
1037 5449 1112 5504 limis
1127 5452 1195 5505 euim
1210 5450 1285 5521 lepis,
1297 5451 1417 5506 curuum
1429 5452 1603 5522 adjustitiam
1613 5453 1704 5527 (Rom.
1712 5452 1747 5526 ι).

998 5563 1089 5633 linum
1100 5566 1143 5633 urci
1154 5581 1180 5617 sc
1194 5565 1325 5618 existimat
1339 5576 1420 5629 sture,
1434 5563 1518 5618 eidcut
1533 5581 1564 5618 ue
1592 5566 1682 5619 cadet.
1701 5562 1748 5636 (Et

962 5654 1087 5727 l'rirrms.)
1105 5655 1159 5711 lloc
1171 5664 1221 5721 cst,
1236 5670 1268 5710 nc
1284 5657 1359 5709 cadat
1373 5656 1399 5709 iu
1412 5655 1603 5718 idololatrium.
1620 5655 1662 5711 sel
1674 5672 1747 5713 scan-
