3810 6120
130 258 176 312 iti
765 237 940 296 sltstttssbt
959 233 1105 292 asentts

1714 225 1765 284 tut

128 366 273 440 Apostolo:
291 364 379 418 Eratis
393 340 534 430 aliquando
547 355 671 419 tenebre,
687 368 755 406 ourtc
767 361 854 404 uatem
870 365 916 401 tus
931 354 953 411 Α
968 362 1037 400 mtts.
1057 347 1145 400 Bonos
1158 352 1248 399 attiem
1264 342 1322 399 dies
1340 357 1393 397 nou
1406 340 1474 398 istos
1488 340 1554 397 dicit
1567 340 1593 396 iu
1604 341 1705 410 quihus
1716 357 1766 399 ca·

126 458 155 512 in
175 456 286 512 Dnnrioo
307 453 385 522 (Epir.
404 450 441 520 v).
462 447 557 502 Sedet
579 445 621 499 ille
645 444 733 498 lumen
760 442 820 495 vite
841 442 867 494 ia
887 455 916 494 se

127 547 218 611 hahet,
230 545 274 615 qui
289 542 362 597 illum
374 541 454 594 hahet
463 539 508 607 qud
518 539 584 592 dixit
597 557 603 590 :
616 535 672 606 Epo
683 550 740 588 earn
751 534 798 587 lua
808 532 899 586 maricii
907 547 916 595 ,·

126 639 171 709 qai
183 636 299 706 sequitur
312 649 362 696 ote,
376 646 427 683 noo
444 626 560 681 norhalat
576 625 723 679 intenebris
739 622 829 694 (ioan.
844 623 916 692 rut).

129 727 203 783 Urrtle
216 732 242 778 et
258 723 302 778 bic
316 730 408 789 aperte
420 717 544 786 sequitur
558 735 561 745 ·

163 817 204 870 Ne
230 814 341 868 tenebre
366 812 456 864 mortis
481 826 524 863 uos
553 805 780 876 comprehendunt.
811 801 867 858 Hoc
890 802 917 856 in

127 910 187 964 loeo
209 906 321 960 teneare
342 918 415 957 mors
439 901 496 956 sive
523 898 645 954 diabolus
663 895 832 967 intelligitur.
853 893 919 948 Pos-

128 1014 222 1054 sumus
248 1007 275 1052 ct
301 996 361 1049 illas
384 995 429 1050 bic
458 1007 509 1047 uon
536 990 758 1045 inconvenienter
785 986 919 1057 iutellige-

967 436 1043 490 dueis
1057 434 1279 489 delectationibus
1301 447 1474 502 occupamur,
1499 430 1622 486 sedilios
1640 432 1767 500 quivere

967 527 1029 581 honi
1055 533 1119 580 sunt
1138 534 1165 578 et
1189 525 1217 578 iu
1242 538 1346 578 summa
1361 523 1505 576 sanctitate
1519 531 1673 576 versantur.
1695 520 1764 587 Quoi

967 624 1004 668 eat
1018 616 1103 677 tiemo,
1121 613 1253 683 dicitque
1268 611 1320 666 nult
1335 613 1425 677 vitent,
1441 612 1534 676 idest,
1549 612 1632 666 ritant
1643 613 1765 678 beatam,

967 714 1136 775 perpetuam,
1167 702 1360 765 immortalem,
1385 703 1444 756 sine
1464 711 1564 766 morte,
1593 703 1651 756 siue
1668 702 1762 760 litteet

968 796 1028 851 sinc
1041 794 1144 859 labore,
1160 793 1223 862 quia
1246 793 1272 846 in
1292 792 1342 847 hac
1356 793 1411 846 rita
1426 792 1507 846 bomo
1533 793 1565 848 ad
1580 793 1702 847 laborem
1717 806 1768 848 ua·

969 888 1062 942 scitur.
1082 886 1123 940 dd
1138 886 1221 950 illam,
1237 893 1267 939 ιιι
1279 886 1338 940 sinc
1353 883 1457 950 labore,
1470 893 1507 949 et,
1530 893 1560 939 ut
1580 885 1607 938 iu
1629 893 1765 939 aurnum

969 981 1053 1043 vivat,
1077 978 1211 1047 pervenit.
1231 976 1278 1031 illa
1300 984 1341 1031 est
1356 977 1430 1031 euim
1453 976 1509 1030 sita
1525 977 1605 1030 beata
1630 976 1766 1044 adquam

128 1104 158 1141 re
181 1087 307 1140 tenebras
332 1099 399 1154 quas
423 1083 448 1136 in
480 1080 626 1151 Evangelio
650 1079 779 1133 Dominus
804 1078 921 1132 exterio-
969 1073 1015 1144 qui
1040 1089 1101 1128 curu
1127 1074 1260 1128 bonorum
1279 1086 1391 1141 opernm
1417 1070 1650 1124 consummatione
1668 1083 1765 1138 perte·

128 1192 171 1233 res
196 1175 321 1245 appellat.
363 1174 413 1240 Qui
445 1188 518 1233 vero,
551 1172 614 1225 darm
641 1170 745 1233 vivunt,
768 1168 875 1223 avitiis
891 1183 921 1223 se
970 1165 1071 1229 ucrint,
1099 1164 1185 1218 beatis
1202 1162 1306 1233 angelis
1329 1162 1432 1216 similes
1450 1169 1540 1225 erunt,
1558 1168 1586 1216 et
1600 1160 1682 1215 simul
1696 1177 1761 1215 cum

127 1282 253 1337 separare
265 1281 317 1321 non
332 1273 469 1335 satagunt,
482 1272 509 1317 et
522 1262 666 1316 virtutihus
677 1275 802 1315 crescere
817 1259 918 1322 nolunt,
970 1254 1026 1308 Deo
1043 1268 1093 1306 suo
1107 1253 1166 1306 sine
1178 1252 1230 1306 stne
1246 1251 1405 1321 regnabunt.
1425 1251 1503 1317 Quod
1516 1251 1560 1305 bic
1574 1251 1762 1315 crediderant,

127 1358 261 1411 meritoa
287 1357 383 1410 mortis
409 1354 526 1408 tenebris
550 1351 737 1423 comprehensi
764 1352 790 1405 in
816 1349 922 1405 inferno
971 1344 1150 1401 ibiuidchunt
1167 1344 1355 1399 suicreatoris
1379 1342 1560 1397 substantiam
1576 1343 1686 1397 mundis
1703 1357 1766 1396 cor·

127 1447 219 1518 lugent
234 1447 363 1502 damnati.
380 1446 525 1500 Interiores
540 1444 640 1513 quippe
663 1441 787 1497 tenebras
808 1441 922 1495 dicimus
971 1437 1051 1492 dibus
1080 1435 1304 1504 contemplantes,
1331 1443 1433 1487 aeterna
1459 1433 1640 1488 exsultatione
1667 1433 1767 1504 gaude·

130 1538 279 1591 eaecitatem
294 1535 399 1598 cordis,
415 1534 565 1588 exteriores
577 1548 641 1586 vero
655 1533 780 1586 tenebras
792 1540 923 1585 eternam
972 1528 1039 1582 bunt
1053 1526 1149 1581 ditium
1167 1525 1318 1580 dilectionis
1333 1534 1360 1579 et
1374 1533 1466 1578 mutua
1480 1525 1625 1580 dilectione
1641 1526 1761 1594 possessi

126 1638 232 1683 noctem
249 1626 439 1682 damnationis.
458 1625 533 1679 Tunc
555 1640 619 1695 ergo
642 1624 785 1677 damnatus
808 1621 924 1691 quisque
974 1618 1000 1672 in
1020 1628 1161 1680 aeternum,
1177 1627 1205 1671 ct
1230 1615 1344 1670 invicem
1359 1615 1410 1669 sibi
1436 1614 1550 1669 lelicitcr
1577 1616 1765 1672 adhaerebunt.

128 1733 180 1770 rum
194 1708 220 1771 iu
233 1716 386 1777 interiores,
398 1714 444 1769 sed
455 1714 481 1767 in
492 1715 641 1768 exteriores
653 1698 1097 1778 tenebrasmtutnu,Bdeceptis
1128 1723 1189 1762 eum
1216 1707 1416 1776 incorruptione
1448 1716 1529 1776 atque
1557 1706 1766 1763 immortalitate

127 1806 190 1876 quia
214 1806 268 1859 illie
293 1806 390 1860 insitus
415 1804 555 1874 projicitur
578 1804 605 1858 in
629 1812 706 1857 nocte
728 1801 917 1866 damnationis,

127 1896 173 1966 qui
184 1895 234 1966 hie
251 1905 345 1965 sponte
361 1895 457 1949 cecidit
479 1894 506 1948 in
521 1895 667 1949 cecitatem
687 1893 787 1948 cordis.
805 1893 856 1948 Ubi
873 1893 920 1947 lle·

128 1993 171 2039 tus
184 1993 211 2039 et
223 1985 323 2039 stridor
332 1984 450 2038 dentium
464 1999 523 2038 esse
535 1984 702 2053 perhibetur,
716 1991 746 2038 ut
757 1982 811 2037 iilic
824 1982 920 2039 dentes

127 2076 257 2129 strideant
277 2076 321 2145 qui
349 2075 394 2129 bic
419 2075 552 2131 edacitate
577 2074 746 2145 gaudebaut;
771 2073 825 2129 illic
847 2073 918 2128 oculi

126 2163 242 2219 desseant
257 2166 301 2235 qui
316 2165 359 2219 bie
380 2179 429 2233 per
444 2165 550 2218 illicitas
569 2164 803 2234 concupiscentias
823 2178 917 2219 versa-

131 2256 231 2309 buntur
245 2270 253 2307 τ
266 2263 398 2324 quatenus
410 2270 522 2323 qtneqnc
536 2253 639 2325 singula
653 2255 773 2308 membra
788 2255 919 2325 supplicio

128 2343 296 2413 subjaceant,
318 2361 377 2415 quae
390 2345 433 2399 hic
447 2347 558 2416 siugulis
579 2347 729 2416 quibusque
745 2346 818 2400 vitiis
831 2346 920 2417 subje-

127 2443 170 2488 cta
186 2436 349 2490 serviebant.
368 2435 396 2489 ln
410 2434 472 2489 lictu
487 2450 594 2505 quoquc
609 2434 748 2489 oculorum
761 2442 789 2489 et
800 2434 920 2489 stridore

971 1803 1130 1873 corporibus
1152 1802 1348 1871 municipatum
1367 1802 1463 1871 patria
1486 1802 1606 1858 caelestis
1620 1803 1764 1872 accipient,

970 1901 1052 1963 atque
1066 1893 1125 1963 ejus
1147 1893 1175 1946 in
1193 1900 1324 1947 :eternum
1348 1895 1421 1948 cives
1436 1893 1524 1949 cliecti
1550 1895 1685 1964 promissa
1697 1909 1766 1964 pras-

970 1984 1024 2037 mia
1045 1982 1232 2053 reportabunt.
1250 1983 1288 2038 lbi
1319 1984 1359 2039 cis
1385 1985 1544 2040 exulerabit
1567 1994 1641 2039 ιιιιιι
1658 1986 1762 2050 laetitia,

969 2080 1042 2126 tanta
1056 2072 1206 2127 coelestium
1223 2072 1309 2145 gratia
1323 2075 1494 2145 gaudiorum,
1518 2085 1548 2129 ut
1564 2077 1765 2131 remuneratori

969 2179 1018 2219 suo
1030 2163 1075 2235 pio
1089 2179 1138 2234 pro
1159 2165 1244 2218 tantis
1264 2165 1421 2220 muneribus
1438 2166 1539 2237 gratias
1553 2175 1647 2236 agant,
1665 2176 1693 2221 et
1705 2166 1766 2221 nul·

969 2255 1024 2309 lum
1038 2253 1176 2309 fastidium
1199 2271 1232 2309 cx
1249 2256 1307 2326 ipsa
1333 2255 1502 2311 aillueutiuur
1526 2257 1660 2312 honorum
1681 2255 1767 2328 perle-

970 2347 1061 2402 ctione
1074 2346 1236 2400 sustineant.

1006 2432 1166 2500 Quaestio
1190 2435 1313 2500 audiens,
1328 2435 1506 2508 respondeas:
1534 2433 1601 2505 Epo,
1623 2435 1689 2489 dicu
1718 2434 1766 2490 titt

128 2524 248 2580 dentium
261 2541 310 2595 per
332 2525 516 2595 metaphoram
529 2524 712 2578 membrorum
725 2522 918 2594 corporalium,
974 2524 1055 2578 liene.
1077 2525 1146 2592 Quid
1161 2526 1196 2580 sit
1220 2524 1307 2580 Deus?
1323 2525 1397 2580 Deus
1423 2527 1474 2581 hoe
1486 2535 1528 2580 est
1550 2525 1624 2595 quod
1639 2525 1715 2580 uuila
1728 2534 1767 2580 at·

128 2614 284 2684 magnitudo
298 2615 449 2668 ostenditur
466 2622 670 2668 tormentorum.
686 2613 815 2669 Tenehrae
829 2622 919 2669 autem
970 2616 1052 2686 tingit
1067 2616 1168 2685 opinio.
1190 2614 1253 2670 Plus
1265 2625 1308 2671 est
1326 2617 1399 2671 enim
1417 2631 1498 2685 quam
1525 2616 1596 2685 quod
1609 2615 1663 2668 diei
1677 2623 1766 2685 potest

128 2704 255 2758 dicuntur
268 2718 299 2758 co
313 2705 385 2773 quod
396 2713 503 2758 terreant
520 2706 639 2759 umbras.
663 2704 837 2774 Nonaiiqnid
858 2711 922 2759 suut
971 2716 1018 2763 aut
1040 2707 1164 2778 cogitari.
1184 2706 1252 2761 Nam
1275 2724 1442 2778 unaquaeqne
1469 2719 1566 2763 tratura
1585 2723 1637 2777 pro
1661 2707 1765 2778 capaci·

129 2795 255 2860 tenebra,
269 2797 315 2850 sed
333 2797 377 2851 tthi
392 2796 438 2851 lux
453 2805 505 2862 est,
520 2799 636 2852 teneam
648 2797 723 2852 lirrot.
750 2797 825 2853 Sient
848 2798 919 2853 enim
971 2803 1026 2850 tate
1041 2810 1090 2849 sua
1104 2795 1260 2864 suspicatur
1272 2795 1305 2850 de
1323 2796 1386 2850 heo.
1408 2796 1440 2849 Et
1453 2805 1584 2865 quanttuu
1611 2805 1710 2863 natura
1724 2795 1765 2852 di·

129 2887 248 2942 tenebrae
264 2887 329 2942 nibil
342 2897 403 2943 sunt
417 2890 469 2944 uisi
483 2890 604 2944 absentia
619 2889 695 2952 lucis,
716 2889 753 2944 ita
768 2906 841 2945 mors
853 2890 921 2945 nibil
971 2894 1026 2940 stat
1042 2901 1058 2940 a
1073 2893 1180 2952 natura,
1205 2895 1311 2940 tautum
1336 2888 1469 2941 sententia
1495 2887 1604 2941 distata
1619 2886 1764 2944 sententia.

127 2984 170 3030 est
187 2975 450 3046 oisipriratio‘ritae.
481 2979 848 3045 blorsdictarelamorsu,
877 2980 921 3035 vel
972 2979 1127 3047 Quiaenim
1143 2993 1225 3049 snper
1242 2979 1398 3045 omniaest‚
1415 2994 1526 3034 necesse
1545 2979 1763 3035 estutomnium

127 3070 188 3138 quia
203 3085 294 3122 amara
309 3078 358 3123 cst.
933 3057 1078 3125 Curantes
1105 3070 1227 3128 excedat.
1248 3069 1377 3125 Homines
1401 3072 1473 3126 entim
1499 3081 1633 3142 quantum
1651 3079 1766 3142 possunt

164 3156 791 3230 thtturerullornioosirrotultitudioepopuli,
809 3161 919 3218 euihaec
969 3159 1056 3214 aciem
1071 3160 1171 3214 mentis
1195 3159 1352 3224 extendere,
1385 3161 1520 3229 aspiciunt
1548 3163 1762 3233 quidheussit,

127 3247 232 3310 clornot,
247 3248 394 3317 operarium
406 3266 493 3314 suurn,
507 3250 601 3304 iterum
612 3252 685 3306 dicit.
705 3252 733 3307 ln
748 3253 919 3310 multitudine
968 3251 1108 3321 opinione.
1125 3266 1179 3306 ¹¹0ss
1206 3251 1374 3307 defissliifflie·
1393 3254 1487 3323 Angeli
1510 3262 1610 3318 aulem·
1628 3255 1674 3324 qut
1686 3270 1764 3326 811110·

127 3340 199 3393 cuim
225 3339 353 3396 Dominus
369 3358 470 3411 pauens
488 3347 826 3419 operar*iosqu.‘erit,quia
842 3349 918 3405 multi
969 3344 1056 3398 1'50105
1085 3343 1240 3399 ¹¹0¹i¹lsslh¹¹⁸
1264 3351 1338 3410 sunt,
1363 3345 1427 3415 (111Ῑὲι
1452 3346 1635 3417 1111531110Ῑά
1661 3347 1765 3404 ΜΝ

126 3433 286 3498 snoteocati,
297 3433 375 3503 pauci
386 3445 474 3489 autem
484 3435 557 3491 electi
570 3437 675 3508 lllottb.
687 3440 744 3511 xx).
755 3440 857 3508 Quaerit
868 3441 920 3496 oti·
969 3439 1090 3493 sentiunt
1103 3454 1156 3492 non
1180 3446 1223 3494 est
1248 3439 1370 3494 dubium.
1392 3439 1555 3511 Archangeli
1581 3456 1648 3496 vere
1661 3455 1696 3497 en
1708 3440 1764 3512 ipso

128 3537 180 3591 que
198 3521 338 3592 operarios
352 3523 432 3580 modo
451 3527 578 3596 presenti
593 3527 620 3582 in
634 3528 699 3593 rita,
714 3529 812 3600 quihus
825 3540 918 3601 postca

127 3611 338 3666 misericorditer
363 3613 484 3670 clamans
503 3616 597 3672 dicat:
617 3617 709 3673 Venite
729 3621 764 3674 ud
779 3638 918 3677 rneootoes

128 3702 171 3772 qui
199 3700 336 3770 laboretis,
357 3714 380 3757 ct
406 3707 506 3759 onerati
523 3709 595 3772 estis,
618 3719 642 3762 et
667 3727 713 3780 epo
737 3713 917 3781 reficientem,

968 3528 1093 3599 amplius.
1114 3528 1260 3585 Cherubim
1284 3538 1375 3584 autem
1402 3538 1430 3585 ct
1446 3531 1595 3601 seraphim,
1613 3532 1661 3602 qui
1678 3531 1765 3602 proxi·

969 3622 1100 3692 meinxta
1115 3622 1200 3678 Deum
1217 3638 1278 3693 esse
1301 3624 1439 3689 dicuntur,
1462 3626 1565 3695 nrajtrra
1585 3626 1619 3680 de
1632 3628 1691 3684 Deo
1705 3642 1765 3683 tett-

970 3719 1061 3772 tiont:
1094 3734 1148 3773 uon
1178 3727 1268 3775 tamen
1295 3719 1533 3790 comprehendunt
1562 3722 1673 3791 penitus
1701 3721 1763 3792 quid

129 3793 195 3846 dicit
208 3792 338 3847 hominus
354 3793 461 3865 (hatti.
483 3796 531 3868 xi).
545 3796 682 3868 Scriptum
700 3810 741 3855 est
754 3803 825 3855 cuim
842 3821 848 3855 ε
867 3802 919 3869 Qut
968 3810 1041 3866 Deus
1054 3812 1101 3878 sit,
1115 3813 1177 3882 quio
1197 3826 1277 3868 nemo
1296 3813 1373 3868 uouit
1394 3813 1503 3869 Patrem
1525 3813 1577 3869 nisi
1603 3812 1702 3881 FiliuS,
1716 3827 1773 3870 net·

128 3893 251 3952 operetur
264 3891 367 3984 letiam·
378 3901 453 3938 lilim
477 3887 640 3942 *attrabitur
662 3890 784 3959 panibus.
803 3890 855 3956 Otii
871 3910 919 3946 ‘1¹¹-
969 3903 1066 3959 Filium
1081 3904 1143 3974 quis
1166 3904 1243 3959 norit
1262 3903 1314 3958 nisi
1329 3903 1419 3958 Pater.
1440 3902 1580 3975 igiturest
1595 3903 1680 3970 Deus,
1696 3905 1762 3961 sieut

128 3984 179 4024 iem
201 3979 316 4025 millii?
331 3982 424 4040 01111111,
444 3974 471 4028 5¹²
493 3985 605 4046 edwii?
617 3980 665 4032 ‘if‘
687 3978 777 4051 (Prae.
795 3982 855 4054 111)·
874 3983 919 4038 ¹¹¹⁰
968 3997 1125 4053 hominihus
1153 3997 1272 4062 ridetur,
1298 3999 1423 4068 spiritus,
1453 4008 1550 4053 natura
1570 3999 1697 4070 simplex,
1718 4000 1760 4055 lux

130 4077 229 4122 terram
254 4084 330 4123 soom
356 4078 465 4124 strenue
484 4080 623 4141 operatur,
647 4075 694 4143 qui
715 4079 919 4133 areanacordis
970 4087 1175 4152 inaccessibilis,
1206 4089 1362 4154 invisibilis,
1389 4089 1598 4154 inaestimabilis,
1630 4090 1759 4154 infinitus,

129 4160 169 4212 ⁸¹¹?
182 4174 230 4228 llii
241 4161 396 4229 humilima
409 4162 549 4229 eisslsslllib
563 4179 611 4232 l)er
625 4162 692 4237 1θὲῖὸ
705 4168 916 4234 medillliffltfflss,
968 4179 1113 4249 perlectus,
1129 4179 1229 4235 nullius
1241 4194 1333 4250 egeus,
1350 4192 1481 4248 eternus,
1500 4182 1664 4238 immortalis
1678 4185 1759 4240 oroni-

129 4265 177 4318 ιιι
195 4251 360 4321 vigilantiam
388 4253 496 4318 meniis,
514 4253 587 4307 velli
604 4271 653 4324 iter
667 4257 860 4327 agriculturam
877 4260 919 4315 in·
970 4270 1059 4333 modo,
1078 4286 1092 4324 a
1118 4287 1172 4341 quo
1191 4270 1298 4326 initium
1317 4273 1407 4328 omnia
1433 4282 1580 4329 consecuta
1595 4285 1671 4339 suot,
1684 4290 1760 4330 sene·

130 4349 234 4394 stanter
259 4344 357 4406 erudit,
373 4350 454 4413 atque
474 4345 639 4413 spiritalibus
652 4347 730 4412 cibis,
757 4348 829 4403 reiut
843 4351 919 4420 paui-
970 4360 1070 4415 raudus
1084 4338 1267 4431 diligentibus,
1294 4364 1465 4428 metuendus,
1496 4372 1572 4420 extra
1599 4381 1682 4436 quem
1697 4366 1760 4423 nihil

130 4432 189 4496 bus,
223 4447 256 4485 nc
281 4433 351 4489 lame
384 4436 542 4506 ignorantie
573 4437 749 4507 periclitetur,
781 4441 918 4499 interioris
971 4458 1022 4517 cst,
1040 4453 1524 4528 imoinquosuntumuia,quaeque
1550 4468 1615 4514 sirnt
1639 4475 1756 4526 suranna,

130 4522 246 4577 bominis
259 4523 299 4577 sui
315 4540 422 4579 sensum
445 4527 571 4582 invisibili
587 4529 715 4586 alimento
739 4532 851 4589 reficere
864 4552 916 4590 noo
971 4541 1107 4607 deorsum,
1135 4558 1239 4598 summa
1264 4553 1291 4599 et
1312 4545 1386 4612 ima;
1406 4548 1590 4618 omnipotens,
1614 4550 1706 4604 omnia
1724 4557 1760 4605 te·

130 4611 244 4665 desistit.
263 4611 319 4678 ille,
335 4613 453 4682 inquam,
469 4619 514 4686 qui
532 4618 558 4671 in
574 4626 645 4673 terra
663 4622 785 4692 corporis
798 4624 840 4678 sui
854 4640 918 4696 ope·
971 4645 1048 4697 neus,
1075 4648 1139 4689 sere
1167 4635 1193 4688 in
1207 4635 1333 4692 omnibns
1365 4638 1450 4703 dives,
1467 4640 1530 4708 quia
1554 4640 1623 4694 nihil
1636 4639 1760 4712 estquod

130 4702 213 4753 raudo
226 4708 370 4756 ruereturnas
383 4714 491 4758 exercet
506 4707 609 4777 vigilias
633 4711 783 4781 uberesque
795 4728 844 4782 pro
854 4730 918 4785 pec·
971 4738 1024 4777 uon
1038 4722 1095 4791 eius
1108 4725 1163 4789 sit;
1183 4725 1281 4792 bolttts,
1306 4725 1407 4795 justus,
1424 4730 1592 4785 misericors.
1613 4731 1663 4785 Est
1681 4740 1708 4786 ct
1721 4745 1760 4786 se-

130 4789 199 4842 catis
211 4788 324 4891 cihmdit
336 4791 481 4865 lacrymas,
506 4812 602 4868 corpus
615 4816 692 4855 suum
706 4803 828 4858 servituti
844 4805 916 4860 redi·
970 4830 1063 4882 uerus,
1086 4825 1117 4870 ut
1144 4825 1259 4882 terrore,
1289 4835 1349 4890 quae
1373 4822 1407 4877 ab
1425 4836 1457 4876 eo
1470 4822 1540 4877 liene
1562 4824 1673 4879 condita
1689 4831 1758 4889 snut,

130 4892 195 4948 gens
210 4888 331 4950 castigat,
353 4898 462 4938 earnem
478 4900 553 4940 suam
575 4886 676 4958 jejunio
696 4901 816 4947 macerat
833 4901 919 4949 etta·
972 4918 1174 4974 consess-entur,
1202 4911 1409 4984 nenegligenpa
1437 4923 1545 4984 parem
1563 4916 1761 4988 vimpraepjpi.

131 4969 179 5023 riis
204 4968 391 5028 alllictionibus
414 4976 528 5043 cruciat,
548 4978 592 5033 ille
617 4981 732 5048 panibus
753 4984 920 5052 superniset
970 4999 1048 5052 ιῑιηη,
1069 4999 1114 5064 Et,
1139 5015 1174 5054 ne
1200 5001 1273 5070 qood
1300 5003 1450 5059 mirabilius
1477 5013 1519 5058 est
1541 5006 1760 5074 praetermittant.

129 5062 248 5130 preculis
265 5067 429 5121 saturabitur
445 5071 562 5125 aetcrnis.

167 5149 231 5215 Quis
251 5163 288 5206 est
306 5155 381 5208 leonto
394 5157 438 5227 qni
460 5158 511 5211 nuit
529 5160 618 5226 uitem,
635 5171 659 5215 et
670 5163 740 5232 cupit
760 5163 845 5219 rddere
863 5165 919 5220 diet

130 5241 210 5295 bonos
235 5242 319 5313 (Psoi.
335 5249 433 5317 xxxru)
448 5250 460 5301 ‘l
476 5249 548 5304 Talis
574 5251 750 5323 iuterrogatio
763 5255 851 5325 posita
863 5264 916 5322 est,

130 5345 211 5398 equam
237 5334 356 5388 orrtnium
381 5338 502 5406 sequitur
526 5355 663 5397 assensus.
696 5343 762 5411 Quis
785 5355 826 5401 est
844 5346 917 5401 euim

129 5423 177 5491 (μή
203 5426 287 5493 possit
314 5425 414 5494 dicere,
435 5437 481 5482 aut
504 5432 587 5486 vitam
611 5433 684 5500 nolo,
701 5442 748 5489 aut
761 5435 917 5493 dicsbonos

69 5557 72 5560 .
130 5514 222 5571 ridere
235 5533 286 5571 non
303 5521 404 5590 cupio?
423 5522 475 5578 Sed
492 5527 594 5581 utinam
608 5529 648 5583 sic
661 5528 745 5585 vitam
758 5540 916 5601 perpetuam

134 5617 320 5674 qurererenrus,
350 5613 418 5667 sicut
446 5616 472 5671 iu
493 5617 544 5672 ista
565 5619 704 5687 temporali
720 5622 802 5679 eorda
824 5621 917 5694 deligi-

971 5095 1044 5142 tanta
1058 5097 1100 5143 est
1114 5088 1257 5146 clementia
1270 5090 1339 5161 ejus,
1362 5102 1392 5146 ut
1407 5095 1586 5150 contumelias
1611 5111 1710 5167 passus
1727 5096 1760 5151 ab

971 5177 1014 5232 bis
1028 5193 1097 5247 quos
1113 5177 1186 5244 lecit,
1200 5180 1312 5236 suderat
1325 5190 1353 5237 et
1365 5184 1440 5255 prior
1452 5193 1531 5242 vocet
1543 5201 1590 5241 eos
1604 5186 1639 5242 ad
1653 5201 1758 5256 pacem.

1007 5266 1039 5323 Si
1050 5269 1087 5323 uie
1101 5269 1291 5326 toleraverant
1307 5281 1331 5326 et
1340 5283 1491 5346 perpetuam
1503 5276 1593 5330 uitem.
1614 5277 1676 5332 vua
1690 5279 1760 5334 heta

970 5369 1079 5432 propter
1097 5362 1228 5433 vigorem,
1242 5363 1285 5419 rel
1299 5367 1370 5434 quod
1396 5374 1487 5422 teneat
1504 5368 1559 5423 rim
1572 5370 1704 5426 nascendi
1716 5378 1759 5425 at·

969 5465 1022 5520 que
1045 5453 1194 5508 crescendi.
1215 5452 1281 5521 Quae
1303 5470 1368 5512 vera
1392 5465 1420 5512 et
1434 5467 1562 5529 perpetua
1580 5459 1692 5525 dicitur,
1718 5459 1759 5516 rel

968 5555 1018 5610 pro
1029 5540 1148 5607 Christo,
1167 5544 1289 5614 quidixit
1304 5565 1311 5601 :
1329 5545 1643 5620 sperassemus,
1664 5559 1691 5606 et
1708 5551 1758 5606 site

971 5627 1062 5701 (douo.
1076 5632 1151 5704 srv);
1169 5634 1210 5690 rel
1223 5646 1333 5708 propter
1349 5639 1537 5706 aeternitatem,
1552 5656 1606 5711 qua
1620 5641 1755 5698 ririturio
