3810 6120
215 275 268 334 m
855 249 1030 312 stthuacttt
1047 247 1194 306 ahun'tts
1790 237 1841 293 'lib

216 389 245 442 ln
257 399 291 440 eo
304 379 377 438 onim
398 375 471 448 attod
484 373 600 430 virtutes
617 369 692 441 eligit
705 377 733 424 ct
745 367 811 422 vitiu
823 366 945 430 damnat,
958 362 999 417 di·
1015 361 1182 430 llproteetor
1203 369 1292 409 eornm
1306 360 1343 406 est
1368 347 1454 423 (Psoi.
1469 347 1556 421 cxtrr).
1583 346 1661 420 Cingi
1679 363 1708 404 se
1732 349 1843 421 cingulo

216 475 286 529 rinae
310 485 359 541 per
383 467 473 521 omnia
493 463 626 519 voluntati
652 461 829 527 obtemperat.
847 455 906 526 lpse
929 453 1002 508 enim
1051 445 1293 518 quasijustitimde
1310 441 1493 497 misericordia
1508 439 1635 509 postulet,
1661 440 1740 495 etde
1762 442 1844 497 venia

216 561 346 618 Dominus
368 557 406 610 ait
426 569 476 625 per
494 552 666 608 Psalmistam
690 547 774 602 llavid
794 560 801 600 ε
819 544 1001 598 detrahentem
1052 555 1105 594 non
1126 538 1261 607 desperet,
1283 535 1345 604 quvis
1364 534 1570 602 scriptumest:
1588 530 1731 600 sperantes
1756 543 1845 588 nutem

214 645 478 721 proximosuolrune
492 641 663 714 persequebar
682 635 769 708 (Psoi.
792 635 828 700 ι).
854 635 1003 689 intantum
1043 631 1080 683 in
1101 629 1211 683 Domino
1236 624 1416 681 misericordia
1440 622 1613 676 circumdabit
1638 619 1725 693 (Ptol.
1754 624 1845 694 ιιιι).

214 752 280 807 ergo
304 750 358 790 non
385 740 493 804 oportet
507 729 661 785 consentire
684 722 847 786 detrahenti,
865 728 895 775 ut
908 719 1018 782 ctiam,'
1053 721 1202 777 Fidereeta
1218 729 1245 774 et
1265 718 1366 774 sanctis
1379 716 1506 785 operibus
1525 714 1663 769 adhaereat
1674 713 1742 781 lieo,
1760 725 1789 770 et
1810 715 1849 771 di-

214 828 389 900 quantumin
415 825 493 880 nohis
519 832 570 887 cst,
596 818 795 876 consentiamus
819 812 952 874 Domino,
976 816 1005 863 et
1053 820 1115 866 eat:
1133 810 1197 880 Spes
1208 827 1265 864 mea
1278 808 1407 862 Dominus
1422 805 1580 874 ajuuentute
1591 820 1649 858 mea
1663 803 1751 876 (Prot.
1769 805 1845 875 uxr).

217 935 270 975 una
295 932 357 973 cum
386 915 433 970 illo
459 911 576 984 proximi
600 920 794 978 persequamur
810 903 1003 962 detractorem,
1054 902 1098 967 Et,
1118 901 1219 956 Memor
1238 907 1297 954 esto
1316 897 1391 951 verlri
1415 895 1453 949 tui
1477 901 1627 959 servotuo,
1652 895 1679 949 in
1704 909 1759 965 guo
1783 895 1848 949 mihi

214 1009 388 1080 providentes
402 1006 429 1059 in
442 1013 557 1072 utroque
567 999 721 1062 utilitatem,
733 1003 854 1049 nostrum
880 990 1006 1046 videlicet
1055 1008 1132 1063 spem
1157 990 1255 1045 dedisti
1275 1009 1281 1043 :
1299 989 1361 1059 quia
1377 987 1475 1041 mclius
1495 993 1538 1041 est
1555 1001 1666 1055 sperare
1688 986 1715 1040 in
1735 987 1850 1043 Domino

217 1109 245 1155 et
259 1100 331 1154 illius
344 1097 389 1167 qni
403 1094 530 1158 detrahit,
547 1099 576 1145 ut
590 1105 640 1144 nec
652 1104 700 1142 nos
721 1087 837 1139 libenter
850 1081 1004 1143 audiamus,
1055 1097 1136 1151 guam
1152 1096 1263 1150 sperare
1278 1081 1304 1134 in
1320 1079 1440 1133 hunnine.

218 1207 268 1247 nee
284 1190 358 1244 illum
378 1200 490 1256 peccare
510 1183 640 1236 laxemus.
667 1179 752 1248 liujus
771 1176 842 1230 enim
865 1178 1006 1243 peecatum
1091 1174 1135 1227 12.
1151 1173 1253 1227 Bonum
1265 1172 1371 1242 aliquod
1385 1172 1413 1226 in
1424 1189 1451 1226 se
1463 1187 1523 1224 eum
1533 1170 1634 1233 uiderit,
1656 1169 1710 1223 lieo
1726 1171 1849 1242 applicet,

217 1281 304 1347 est,si
327 1279 384 1334 lieri
398 1283 497 1348 potest,
513 1274 667 1337 detrahere,
692 1284 773 1339 quam
795 1266 933 1322 fornicari.
955 1262 1006 1330 Qui
1058 1281 1109 1317 non
1124 1263 1173 1317 sibi
1189 1263 1291 1331 (tarot.
1304 1262 1335 1334 ι).
1358 1261 1494 1332 Quidquid
1516 1263 1588 1316 enim
1612 1262 1676 1318 boni
1699 1265 1851 1320 monachus

216 1371 290 1426 enim
303 1369 461 1430 fornicatur,
475 1380 504 1419 se
520 1370 622 1417 tautum
643 1360 752 1415 occidit.
770 1358 820 1425 Qui
837 1371 901 1410 vero
916 1357 1007 1410 detra·
1057 1352 1085 1405 in
1100 1367 1130 1407 se
1145 1352 1253 1416 viderit,
1264 1350 1319 1405 tteo
1331 1350 1450 1421 applicet,
1466 1350 1541 1416 dicit,
1554 1352 1581 1406 id
1599 1358 1652 1417 est,
1665 1351 1723 1408 Deo
1739 1354 1852 1420 tribuat,

220 1461 275 1524 hit,
294 1471 322 1514 et
345 1473 374 1513 se
393 1466 421 1511 et
438 1454 650 1510 consentientem
675 1451 727 1505 sihi
749 1448 775 1503 in
792 1447 887 1501 mortis
902 1445 1008 1499 foveam
1059 1443 1116 1497 ileu
1138 1442 1237 1496 exinde
1253 1442 1355 1513 gratias
1373 1449 1447 1512 agat,
1462 1449 1490 1496 et
1502 1457 1554 1496 non
1569 1458 1647 1497 suum
1671 1442 1737 1498 illud
1769 1445 1852 1506 dieat,

218 1549 327 1619 mergit.
342 1547 411 1601 iliae
427 1547 453 1599 in
478 1543 633 1599 Proverbiis
647 1541 832 1608 scriptumest
846 1555 852 1590 :
870 1536 979 1590 liemare
992 1552 1009 1588 o
1059 1531 1106 1586 sed
1124 1532 1172 1586 llci
1191 1546 1251 1586 esse
1264 1539 1419 1601 cognoscat.
1435 1529 1533 1586 Omnia
1547 1531 1621 1585 enim
1645 1532 1717 1588 bona
1730 1550 1792 1604 quae
1819 1537 1854 1591 ah

220 1649 245 1693 te
268 1655 296 1692 or
316 1653 435 1708 prauum,
458 1644 483 1689 et
498 1632 662 1688 detrahentia
683 1630 753 1683 lobia
768 1629 819 1684 rint
842 1624 961 1699 procula
986 1634 1010 1678 te
1061 1622 1215 1677 bominibus
1228 1622 1401 1686 habentur,a
1420 1620 1478 1675 solo
1491 1618 1547 1676 heo
1558 1621 1760 1678 ministrantur.
1781 1625 1856 1681 Deus

220 1729 311 1803 (Pron.
328 1727 376 1800 tv).
396 1726 472 1794 Quod
499 1723 603 1780 duobus
624 1722 711 1776 modis
734 1719 847 1790 intelligi
866 1725 968 1787 potest,
983 1715 1011 1771 id
1025 1692 1048 1751 B
1064 1713 1136 1767 euim
1158 1712 1324 1781 spiritusest
1339 1729 1345 1763 :
1360 1709 1394 1764 Ει
1406 1710 1452 1765 alii
1465 1727 1512 1781 per
1528 1710 1656 1794 Spiritum
1675 1712 1856 1770 daturserrno

220 1828 273 1885 cst,
293 1827 320 1873 et
339 1834 370 1874 os
385 1825 505 1873 nostrum
526 1829 561 1869 ne
581 1813 706 1885 loquatur
722 1809 823 1878 aliquid
845 1821 970 1878 pravum,
984 1811 1012 1859 ct
1063 1803 1206 1873 ιιρίιιιιίι,
1218 1802 1264 1856 alii
1278 1816 1361 1856 sermo
1371 1801 1496 1866 scientiar,
1507 1801 1554 1854 alii
1569 1818 1664 1873 genera
1688 1801 1854 1874 linguarum,

220 1909 294 1965 lahia
313 1916 405 1963 nostra
422 1921 457 1962 ue
472 1904 616 1960 detrahant
627 1901 762 1970 proximo,
778 1898 851 1953 omni
873 1909 1012 1952 servemus
1064 1890 1112 1946 alii
1133 1892 1312 1962 interpretatio
1328 1907 1477 1945 sermonum
1498 1890 1528 1963 (1
1549 1889 1610 1945 Cor.
1626 1891 1686 1966 ιιι),
1709 1902 1737 1948 ιι
1756 1901 1856 1950 aeterra

220 1997 353 2055 custodia.
368 1995 400 2050 Et
414 1994 481 2049 alios
496 2004 672 2062 quoscunque
685 1989 750 2043 huie
772 1987 839 2041 vitio
864 1984 1012 2039 viderimus
1063 1983 1106 2040 his
1119 1984 1216 2038 similia
1233 1983 1267 2037 ah
1284 1998 1339 2037 uno
1353 1983 1454 2038 sanctis
1466 1983 1652 2038 conceduntur
1663 1983 1791 2049 Domino,
1813 1964 1862 2041 cni

221 2088 336 2153 deditos,
351 2102 404 2142 non
424 2081 616 2140 consentiendo
643 2080 792 2151 proximos,
819 2076 866 2133 sud
895 2092 910 2131 a
933 2077 1012 2131 nohis
1059 2075 1161 2146 jugiter
1187 2075 1289 2145 gratias
1305 2089 1386 2146 agere
1399 2075 1479 2130 dehet
1504 2075 1593 2130 omnis
1616 2074 1709 2130 homo.
1731 2075 1760 2132 Si
1780 2077 1853 2133 enim

170 2195 176 2203 ·
219 2179 315 2251 procul
342 2174 499 2247 expellendo
518 2174 649 2229 iaciamus
673 2172 786 2235 alienos,
801 2185 835 2224 ne
852 2168 960 2236 utrique
984 2166 1012 2222 in
1062 2168 1153 2223 omnia
1176 2167 1247 2223 bona
1271 2165 1419 2222 auomtno
1442 2166 1605 2236 accepimus,
1630 2182 1684 2223 non
1704 2168 1794 2233 nobis,
1810 2169 1855 2224 sed

221 2269 398 2328 detractionis
411 2266 477 2319 vitio
489 2277 642 2334 pereamus,
657 2261 720 2331 guia
731 2260 861 2330 seriptum
872 2268 913 2314 est
926 2275 934 2313 ι
945 2256 1010 2323 Fili,
1063 2257 1100 2312 illi
1117 2259 1151 2312 de
1164 2257 1291 2313 omnihus
1315 2258 1417 2328 gratias
1430 2273 1510 2329 agere
1524 2257 1662 2313 dehemus.
1690 2257 1763 2326 Quid
1783 2259 1854 2314 enim

221 2362 285 2418 time
308 2359 403 2423 Draus,
417 2365 515 2410 etcum
542 2350 733 2406 detractoribus
755 2365 787 2403 ne
808 2349 1009 2414 commiscearis,
1063 2349 1156 2415 hahes,
1173 2349 1292 2414 ohomo,
1308 2348 1347 2403 ait
1362 2347 1518 2418 Apostolus,
1542 2347 1613 2418 guod
1628 2364 1682 2402 non
1697 2351 1854 2419 acceperis!

220 2466 345 2525 gnomone
360 2455 461 2518 repente
473 2443 605 2513 consurgit
657 2437 767 2500 perdicio
792 2454 881 2493 cvrum
896 2448 919 2492 et
933 2440 1012 2493 tttt'tttt
1063 2445 1157 2500 ilellus
1176 2460 1258 2516 ergo,
1286 2444 1332 2514 qui
1347 2444 1488 2516 gloriatur,
1504 2441 1531 2496 in
1555 2441 1678 2507 Domino,
1694 2458 1750 2498 non
1775 2443 1802 2496 in
1827 2460 1855 2500 se

223 2543 357 2612 utmustpm
371 2536 463 2612 (Pmo-
476 2534 564 2605 ull),
580 2531 607 2587 ill
618 2537 671 2597 0⁸²,
683 2538 710 2585 el
720 2529 777 2597 tius
791 2529 836 2599 qui
853 2528 971 2584 detrahit
984 2537 1013 2584 et
1062 2536 1201 2606 glorietur,
1224 2534 1295 2590 sicut
1320 2536 1448 2604 seriptum
1472 2540 1532 2589 est:
1548 2530 1601 2586 Fili
1631 2532 1680 2598 mi,
1709 2531 1738 2587 in
1764 2534 1854 2590 timore

222 2634 280 2706 ejus
291 2632 336 2702 qui
346 2628 498 2686 detrahenti
508 2624 653 2681 consentit.
670 2622 883 2692 scriptumest:
899 2621 929 2678 Si
943 2639 1012 2678 mor·
1063 2625 1210 2682 llominirit
1222 2622 1344 2696 plorinrio
1356 2620 1504 2701 taaOEecli.
1526 2636 1544 2692 r,
1564 2634 1602 2683 ιι,
1621 2621 1751 2693 rx).Cum
1765 2633 1854 2678 autern

222 2725 284 2779 deut
307 2736 410 2792 serpens
432 2717 461 2772 in
480 2716 594 2781 silentio,
619 2713 683 2768 nibil
707 2729 737 2767 eo
765 2712 850 2767 minue
865 2712 941 2767 babet
966 2713 1012 2784 ptri
1064 2718 1178 2774 dixisset
1194 2733 1201 2768 ι
1219 2714 1281 2770 Scio
1295 2724 1318 2769 et
1336 2710 1481 2779 humiliari,
1497 2721 1521 2766 et
1534 2711 1681 2777 abundare,
1702 2721 1726 2766 et
1751 2714 1854 2778 satiari,

222 2816 323 2873 occulte
344 2812 457 2869 detrabit
470 2809 571 2883 (liceis.
580 2807 619 2879 ι).
635 2806 703 2861 ilinc
715 2803 830 2860 lacobus
847 2805 904 2859 ait:
922 2803 948 2858 N
951 2803 1011 2858 elt'le
1064 2819 1088 2865 et
1099 2810 1208 2873 esumre,
1220 2816 1244 2862 et
1255 2806 1391 2878 penuriam
1403 2805 1458 2876 pati
1472 2801 1556 2876 (Phil.
1571 2802 1620 2871 ιι),
1641 2802 1768 2859 eddidit:
1790 2802 1855 2858 Οιιι-

221 2906 358 2962 detrahere
372 2901 545 2959 alterutrum,
561 2897 656 2967 {ratres
673 2895 734 2957 mei,
747 2894 809 2964 auio
826 2895 872 2964 qui
897 2893 1010 2949 detrabit
1064 2900 1108 2955 nin
1120 2898 1261 2970 porrumin
1273 2913 1302 2951 co
1315 2897 1360 2968 peri
1371 2912 1413 2950 me
1423 2893 1579 2963 confortavit
1594 2892 1701 2967 (ibid).
1710 2895 1771 2952 Sibi
1785 2898 1856 2952 euim

222 2997 311 3068 praem,
326 3003 372 3049 aut
385 2991 541 3064 autiudicat
554 2988 663 3060 fratrem
683 3000 770 3050 titum.
784 2985 898 3039 detrabit
913 2983 964 3055 leri
985 2994 1009 3041 et
1025 3029 1048 3091 C
1063 2990 1129 3046 nihil
1150 2989 1258 3055 tribuit,
1287 2987 1350 3058 quia
1371 3000 1452 3042 omne
1468 3000 1498 3040 se
1514 3000 1594 3055 posse
1607 3001 1663 3041 non
1676 2986 1703 3042 in
1719 2989 1778 3044 suis
1792 2989 1856 3044 riri·

219 3089 324 3161 judicat
339 3086 421 3157 legem
433 3083 537 3156 (Jacob.
549 3082 598 3153 rr).
1063 3082 1125 3147 bus,
1137 3084 1184 3138 sed
1197 3081 1224 3137 in
1244 3079 1289 3136 illo
1303 3079 1420 3149 quicum
1439 3075 1621 3142 confortabat,
1643 3093 1705 3133 esse
1717 3080 1852 3151 coguovit.

259 3177 304 3231 tt.
322 3175 402 3242 Spem
426 3190 502 3229 suom
517 3172 573 3226 Deo
587 3170 745 3226 committere
764 3168 851 3241 (Ptol.
866 3186 920 3232 ιιι,
936 3166 1011 3225 Psoi.
1063 3173 1098 3228 Et
1108 3174 1136 3229 in
1150 3173 1204 3228 alio
1216 3170 1275 3228 loeo
1286 3186 1347 3226 eum
1366 3170 1489 3225 diceret:
1506 3165 1572 3224 Plus
1582 3170 1705 3226 omnibus
1726 3169 1853 3239 laborari,

224 3265 340 3338 ιιιιιι).
356 3264 425 3335 Spes
439 3263 510 3318 enim
532 3261 631 3316 dieitur
641 3259 774 3316 bonorum
789 3261 955 3330 exspectatio
973 3259 1014 3315 iu·
1063 3273 1158 3319 utnon
1173 3263 1239 3318 illud
1262 3262 1313 3318 sihi
1325 3259 1482 3331 applicaret,
1496 3261 1543 3316 scd
1557 3261 1621 3328 Deo,
1645 3259 1753 3319 addidit
1768 3282 1776 3318 ι
1795 3261 1853 3320 Noa

225 3368 358 3421 tororum,
369 3369 428 3425 que
438 3351 733 3422 exprimithumilitatis
743 3350 869 3406 allectum
878 3358 906 3406 et
915 3350 1014 3407 sedulae
1064 3371 1121 3425 ego,
1137 3355 1182 3410 red
1202 3354 1288 3425 gratio
1311 3351 1360 3407 liei
1374 3368 1474 3406 mecum
1488 3351 1515 3424 (1
1535 3349 1597 3407 Cor.
1620 3354 1681 3425 xv).
1700 3353 1760 3411 [leo
1785 3356 1853 3410 enim

224 3447 363 3506 servitutis
378 3444 546 3514 obsequium.
565 3442 633 3513 Spes
654 3452 744 3497 autem
759 3451 864 3507 vocam,
884 3441 957 3512 quod
978 3442 1015 3497 sit
1065 3444 1195 3500 dehemus
1218 3441 1289 3513 qrrod
1310 3455 1415 3506 sumus,
1443 3440 1514 3510 quod
1526 3440 1654 3508 vivimus,
1667 3443 1743 3513 quod
1756 3442 1851 3500 intelli·

224 3538 408 3612 progredienti
420 3551 478 3607 pes,
491 3534 622 3605 quasiest
636 3547 692 3602 ριι.
710 3532 787 3588 Unde
800 3532 965 3588 econtrario
977 3531 1015 3587 di·
1064 3535 1163 3606 purus,
1185 3533 1257 3604 quod
1280 3532 1405 3588 homines
1425 3547 1528 3598 sumus,
1546 3532 1620 3603 quod
1644 3533 1716 3591 heae
1734 3545 1764 3592 et
1785 3535 1851 3607 juste

225 3643 270 3692 cta
283 3629 451 3701 desperatio;
465 3628 541 3683 deest
553 3626 626 3681 enim
638 3625 675 3679 illi
690 3624 877 3695 progrediendi
890 3623 1013 3690 facultas,
1064 3626 1192 3691 viximus,
1206 3624 1278 3694 quod
1298 3631 1371 3679 recte
1388 3631 1416 3679 et
1439 3622 1573 3679 catholice
1588 3624 1776 3697 intelligimus,
1802 3627 1850 3682 tto

226 3722 301 3794 quia,
313 3720 376 3774 dum
390 3717 504 3786 quisque
517 3722 658 3784 peccatum
670 3723 753 3777 amat,
767 3711 885 3767 suturam
901 3712 1014 3783 gloriam
1064 3732 1113 3789 per
1133 3717 1223 3772 omnia
1235 3715 1372 3772 debemus.
1397 3714 1524 3771 Nostrum
1546 3716 1618 3771 enim
1642 3717 1712 3773 nihii
1736 3728 1780 3776 est
1804 3719 1849 3775 abi

227 3827 281 3869 non
299 3814 448 3880 exspectat.
470 3805 570 3861 Βιιιιιι
586 3813 629 3860 ιιι
644 3805 714 3860 enim
733 3804 778 3859 ille
791 3805 836 3874 qui
850 3820 1013 3874 spemsuam
1065 3816 1204 3880 peccatum
1217 3817 1244 3863 et
1264 3806 1365 3862 malum
1388 3807 1459 3877 quod
1469 3807 1575 3878 operati
1602 3823 1708 3867 sumus.
1730 3810 1804 3870 lludc
1825 3819 1849 3867 et

225 3903 282 3958 Deo
297 3898 449 3963 committit,
460 3905 489 3952 et
500 3897 527 3953 in
541 3904 641 3951 aetcma
651 3893 778 3950 felicitate
788 3904 816 3950 et
829 3896 911 3966 gloria
925 3897 1012 3966 ponit.
1065 3899 1205 3968 sequitur:

226 3995 324 4051 Beatus
338 3990 466 4059 estcujus
480 4004 553 4059 spes,
571 3988 641 4044 utin
662 3997 793 4044 aeternum
807 3989 889 4053 vivut,
916 3990 943 4043 in
963 3989 1015 4046 Ilo-
1098 3989 1144 4043 15.
1165 3988 1265 4044 bialum
1283 4005 1344 4044 uero
1356 4006 1456 4062 semper
1475 4007 1491 4044 o
1511 4007 1538 4045 se
1559 3990 1660 4060 iactum
1673 3994 1757 4061 sciat,
1772 3993 1847 4051 ctribi

228 4085 302 4140 mino
313 4083 402 4153 posita
413 4079 514 4151 jugiter
534 4085 698 4148 perseverat.
716 4077 784 4133 ilinc
795 4078 937 4133 Psalmista
951 4080 989 4133 ait
1004 4096 1011 4133 r
1065 4091 1164 4152 reputet
1176 4081 1263 4154 (Osca
1273 4083 1345 4153 ιιιι).
1357 4082 1491 4154 Quidquid
1505 4099 1569 4155 crgo
1580 4084 1608 4139 in
1625 4100 1655 4140 se
1670 4085 1773 4143 malum
1783 4088 1845 4141 inve·

228 4176 295 4232 11111
309 4183 395 4228 autem
405 4170 539 4227 adboerere
557 4168 609 4223 tteo
623 4168 718 4223 bonum
733 4179 781 4234 est,
795 4187 890 4240 ponere
909 4172 937 4224 ia
960 4170 1014 4225 Do-
1065 4172 1136 4226 nerit
1156 4171 1304 4227 monachus
1325 4171 1438 4238 iactum,
1453 4188 1468 4227 a
1482 4188 1512 4228 sc
1533 4173 1598 4228 illud
1613 4175 1752 4231 veraciuer
1764 4176 1845 4232 credet

227 4267 298 4320 mino
311 4279 380 4334 spem
392 4277 476 4316 meam
492 4258 579 4331 (Psoi.
593 4257 687 4327 uxxrr).
701 4259 747 4314 lllc
760 4260 831 4314 enim
845 4261 913 4316 berre
924 4262 1014 4317 adha-
1065 4263 1212 4327 inventum,
1228 4271 1274 4317 aut
1287 4278 1302 4317 a
1313 4263 1420 4318 diaholo
1436 4263 1603 4334 instigatum,
1619 4280 1672 4320 non
1686 4281 1702 4320 a
1716 4267 1771 4323 Deo
1780 4281 1843 4321 cret-

228 4363 270 4411 ret
283 4353 393 4422 lleoqui
411 4366 486 4422 spem
504 4363 580 4406 suam
601 4350 677 4419 pouit
691 4350 718 4403 in
733 4349 787 4412 illo,
802 4351 865 4420 quia
879 4351 945 4406 nihil
963 4367 1012 4420 po-
1024 4378 1051 4441 D
1065 4359 1121 4407 tum
1138 4370 1145 4406 ε
1162 4353 1224 4422 quia
1247 4352 1318 4408 Deus
1337 4352 1435 4407 malum
1456 4367 1509 4406 non
1533 4351 1608 4420 iecit,
1632 4368 1684 4410 nce
1702 4355 1798 4412 luatur
1818 4354 1840 4409 iu

227 4452 279 4501 test
300 4458 359 4511 esse
382 4443 487 4498 beatius
507 4454 587 4509 quam
601 4439 637 4493 illi
663 4439 752 4493 omnia
774 4441 944 4495 committere
964 4441 1010 4510 qui
1063 4442 1214 4511 perditione
1238 4442 1369 4496 vivorum.
1398 4441 1538 4508 Diabolus,
1564 4458 1628 4498 cum
1652 4456 1727 4500 esset
1745 4444 1840 4517 angelus

227 4534 301 4589 novit
310 4532 368 4587 suis
379 4528 526 4586 cultoribus
538 4528 626 4583 lutura
638 4535 776 4597 prestare.
790 4528 859 4583 ilinc
868 4530 1012 4599 Apostolus
1064 4532 1162 4597 bonus,
1178 4531 1355 4600 superbiendo
1368 4530 1456 4585 iactus
1473 4541 1515 4586 est
1536 4532 1635 4600 malus,
1657 4541 1686 4588 ct
1707 4535 1838 4599 homiaem,

227 4627 286 4682 ait:
304 4623 356 4695 Spe
375 4621 516 4692 gaudentes
531 4617 616 4691 (Rom.
638 4618 697 4689 ιιι).
714 4618 768 4674 Sed
782 4618 826 4672 ille
849 4621 958 4675 omnino
978 4622 1011 4678 de
1064 4620 1109 4689 qui
1131 4619 1290 4674 naturaliter
1311 4628 1371 4673 erat
1397 4618 1484 4675 luctus
1505 4621 1602 4688 honus,
1621 4624 1839 4696 decipiendoiorit

227 4731 275 4787 ιρι
289 4712 484 4770 cetesurtehet
498 4709 624 4781 gaudere,
639 4711 701 4778 quia
716 4709 863 4764 auxiliante
886 4710 940 4765 lieo
955 4713 1011 4782 jam
1064 4712 1139 4767 illum
1163 4711 1264 4766 malum
1279 4720 1360 4781 atque
1381 4713 1541 4782 superhum;
1555 4719 1582 4767 et
1597 4713 1638 4770 sic
1656 4713 1838 4788 omuepecetli

228 4820 339 4877 pravum
349 4812 437 4859 eessm
449 4815 538 4872 agere.
554 4799 621 4854 Nam
635 4801 680 4869 qui
692 4800 791 4854 malum
805 4816 885 4872 agere
900 4816 953 4856 non
968 4803 1013 4860 de·
1064 4799 1165 4854 malum
1179 4815 1228 4870 per
1240 4799 1346 4869 eulpam
1362 4800 1440 4869 primi
1455 4800 1572 4857 hominis
1584 4801 1712 4860 introivit
1725 4806 1751 4862 iu
1767 4818 1837 4878 genus

228 4896 336 4957 sistunt,
363 4908 431 4947 vana
455 4906 503 4962 spe
526 4889 629 4960 decepti
652 4889 842 4959 indulgentiam
866 4905 881 4944 a
904 4891 960 4946 ileo
985 4902 1013 4949 et
1064 4889 1221 4945 humanum.
1234 4888 1310 4956 Quod
1323 4889 1405 4943 etiam
1415 4904 1464 4958 per
1475 4889 1583 4960 longum
1594 4907 1676 4949 usum
1690 4897 1766 4966 qussi
1775 4904 1838 4950 natu

228 4988 311 5042 vitam
328 4991 456 5040 aeternam
471 4984 628 5052 requirunt;
644 4996 724 5051 quam
740 4992 813 5037 reete
837 4991 970 5052 quarent,
989 4985 1012 5041 si
1065 4979 1159 5035 raliter
1178 4988 1252 5035 tenet
1266 4987 1293 5033 et
1316 4988 1460 5049 operatur;
1483 4987 1511 5034 ιι
1531 4988 1561 5034 ut
1582 4980 1628 5035 lex
1650 4983 1838 5048 renuntiasti

229 5076 265 5131 ah
291 5074 396 5129 actione
421 5086 504 5141 prava
530 5078 679 5127 cessarent.
695 5068 788 5126 Omnis
811 5071 909 5141 quippe
923 5070 1012 5139 justus
1065 5078 1205 5141 peccatum
1228 5070 1255 5124 in
1272 5070 1401 5125 memhris
1416 5077 1512 5141 regnat
1524 5071 1667 5140 humanis,
1684 5083 1712 5130 et
1724 5079 1837 5145 repugnat

229 5180 304 5236 spem
320 5171 348 5218 et
358 5161 528 5217 formidinem
542 5162 622 5217 dehet
635 5160 745 5225 hahere,
760 5168 788 5215 ct
799 5172 869 5216 nune
891 5162 963 5217 illum
978 5165 1013 5220 ad
1065 5163 1116 5234 legi
1135 5163 1233 5217 mentis
1256 5170 1285 5216 ct
1306 5161 1430 5217 omnihus
1442 5163 1588 5219 virtutihus
1605 5166 1719 5222 mactis.
1735 5164 1802 5222 Unda
1814 5169 1836 5216 et

227 5253 354 5329 gaudium
368 5259 498 5308 ιιιιιιιιιιι
522 5266 583 5321 spes
594 5250 711 5322 erigere,
726 5265 797 5305 nune
806 5250 885 5305 debet
899 5252 932 5306 ad
956 5250 1011 5306 lor·
1063 5252 1208 5324 Apostolus
1221 5253 1259 5307 ait
1275 5271 1281 5305 :
1300 5249 1379 5306 Video
1394 5261 1481 5307 autem
1496 5252 1577 5309 aliam
1590 5254 1674 5327 legem
1689 5259 1718 5312 in
1730 5254 1836 5313 miris

227 5344 357 5401 midinem
383 5339 514 5412 gehenna
542 5347 631 5394 terror
657 5339 792 5395 addicere.
818 5339 923 5395 Timent
945 5356 1011 5413 ergo
1064 5344 1127 5398 meir
1149 5351 1332 5413 repugnantem
1352 5340 1402 5412 lepi
1417 5342 1510 5396 mentis
1525 5360 1601 5412 mere,
1622 5355 1648 5399 et
1665 5350 1787 5417 caprina
1801 5358 1835 5397 ιιι

228 5432 376 5489 monachus
402 5428 566 5494 Dominum,
587 5436 614 5482 et
634 5442 745 5498 sperans
759 5429 786 5483 in
801 5443 833 5485 eo
846 5429 946 5500 jugiter
962 5430 1012 5484 im·
1063 5434 1198 5489 ducentem
1217 5434 1245 5486 in
1269 5433 1323 5503 lege
1345 5433 1452 5504 peccari,
1471 5449 1529 5504 puoe
1545 5443 1584 5488 eet
1606 5436 1635 5490 in
1652 5438 1771 5492 miris
1780 5435 1834 5489 neit

226 5524 315 5595 ploret
332 5520 478 5586 auxilium,
505 5519 568 5589 quia
592 5519 722 5589 seriptum
750 5527 792 5574 est
812 5537 819 5574 ι
846 5518 897 5584 Qui
920 5521 1010 5575 timent
1064 5522 1151 5594 (iiam.
1164 5522 1224 5595 ιιι).
1239 5521 1389 5592 Cognoscat
1406 5538 1471 5594 ergo
1491 5526 1641 5582 monachus
1661 5545 1678 5583 a
1699 5543 1728 5584 se
1747 5527 1833 5582 lactum

229 5611 368 5667 Dominum
392 5617 560 5678 speraverunt
575 5609 603 5663 in
619 5607 744 5675 Domino,
757 5608 865 5678 adjutor
882 5625 971 5666 eorum
986 5618 1010 5664 et
1064 5613 1162 5668 malum
1188 5624 1215 5670 et
1238 5628 1318 5669 onrne
1340 5623 1490 5684 peccatum,
1509 5623 1537 5670 ιι
1556 5615 1609 5671 sibi
1628 5629 1755 5691 reputans
1773 5617 1834 5673 dicat
