3810 6120
131 291 201 347 ital

689 289 820 348 nstituit
838 287 1021 348 centensis
1041 286 1193 342 epistola

1677 255 1784 345 'tros

131 407 196 460 talia
213 403 311 458 restris
326 402 352 457 in
376 401 497 457 ccelesiis
517 402 682 473 permittatis
704 403 831 472 deinceps
855 402 924 466 heri,
940 404 964 463 Λ
978 415 1030 452 non
1044 397 1189 452 arlmittunt
1208 404 1235 453 et
1254 413 1303 452 nos
1316 398 1515 454 subnotemus.
1532 398 1702 455 ‚lcrrtsatori
1721 419 1784 457 our·

129 509 242 566 negrcx
256 494 375 564 pretioso
388 493 519 561 sauguine
532 492 633 548 Christi
651 495 804 562 rudentptus
820 494 846 548 in
858 510 926 563 prac-

131 587 265 657 cipitium,
280 584 352 655 qrtod
369 584 451 649 absit,
466 591 536 638 ruat.

476 673 592 731 lilll'lll.

130 767 170 822 De
190 767 295 838 jejuario
320 776 417 837 septem
440 766 674 831 hebdomadorum,
697 777 758 821 onte
783 764 887 820 Pascite
909 783 925 819 a

381 837 482 891 clericis
502 838 672 890 obseruando.

131 929 180 1001 (lla
196 929 308 998 epistola
330 929 486 999 Telesphori
510 944 585 998 papae
604 930 703 998 scripta
723 929 848 984 omnibns
870 929 926 999 cpi-

478 996 590 1069 scopis.)

166 1095 307 1149 Credimus
323 1103 444 1149 sanctam
462 1094 542 1149 hdcm
558 1103 676 1148 vestram
690 1094 715 1148 iu
740 1093 924 1164 apostolorum

129 1189 281 1242 eruditione
297 1188 446 1253 fundatam,
463 1187 532 1241 hanc
557 1196 649 1242 tencre
664 1195 692 1241 et
706 1187 777 1242 hanc
791 1186 926 1240 trrrirersis

128 1277 236 1348 populis
259 1293 404 1348 exponere,
430 1278 475 1347 qni
499 1276 624 1332 uidelicet
647 1293 662 1333 a
684 1279 840 1333 constitutis
862 1292 926 1346 apo·

128 1367 262 1450 stolorum
279 1385 428 1440 eorumque
448 1384 634 1425 successorum
658 1369 729 1426 nulla
745 1371 848 1425 ratione
872 1371 925 1426 dis·

128 1460 260 1525 scirtium,
274 1467 404 1533 pcr'quos
422 1459 526 1530 justum
539 1469 581 1516 est
594 1471 708 1517 caeteros
723 1463 834 1517 erudiri.
854 1463 926 1529 Qua·

128 1561 240 1624 propter
262 1553 428 1624 cognoscite,
447 1569 463 1607 a
488 1554 566 1609 uobis
586 1562 614 1608 et
627 1554 733 1609 cunctis
748 1554 881 1624 episcopis
897 1555 925 1609 in

129 1643 201 1701 hanc
221 1645 397 1716 apostolicam
419 1646 509 1701 sedem
534 1647 705 1718 congregatis
725 1655 857 1703 statutum
870 1656 924 1712 est,

127 1742 160 1789 ιιι
171 1742 274 1805 septem
295 1736 480 1792 hebdomadas
492 1736 586 1806 plenas
598 1744 662 1791 ante
677 1745 800 1792 sanctum
820 1737 924 1793 Pascha

129 1838 225 1880 onrncs
252 1825 343 1880 clerici
367 1825 395 1881 in
423 1833 497 1881 sorte
523 1824 631 1881 bomini
656 1827 868 1883 rocatiacarne
882 1827 925 1898 je·

125 1910 231 1983 juacnt.
257 1915 325 1984 Quia
349 1917 420 1972 sicut
443 1917 559 1972 discreta
584 1917 664 1973 debet
684 1933 744 1974 esse
764 1920 820 1974 vita
846 1920 926 1976 cleri·

128 2024 221 2064 corum
236 2025 252 2064 a
267 2009 399 2064 laieorum
421 2009 637 2075 conversatione,
663 2009 700 2064 ita
722 2019 750 2066 et
772 2011 799 2066 in
822 2011 925 2081 jejunio

127 2100 208 2155 dehet
224 2100 283 2156 heri
296 2101 436 2169 discretio,
458 2109 486 2156 et
498 2100 568 2156 sicut
583 2099 646 2156 laici
671 2110 698 2156 ct
720 2102 863 2158 saculares
877 2104 926 2160 bo·

100 2259 106 2267 ι
128 2193 216 2249 traines
239 2194 333 2248 nolum
348 2209 395 2250 eos
409 2195 531 2264 recipcre
554 2193 581 2248 in
602 2193 837 2265 impulsationibus
856 2198 922 2263 suis,

128 2285 257 2356 ursoniam
280 2286 306 2339 in
322 2286 448 2340 omnibus
463 2285 580 2340 discreta
596 2285 676 2341 debet
699 2301 806 2357 semper
826 2302 886 2345 csse
899 2298 927 2344 ιι

128 2385 271 2448 segregem
296 2376 350 2431 rita
375 2383 403 2432 et
427 2378 598 2432 conuersatio
622 2375 784 2432 clericorum
805 2394 820 2432 a
839 2395 924 2435 saccu-

129 2467 225 2521 larium
239 2466 371 2523 laicorum
384 2484 391 2533 ;
406 2474 433 2522 et
445 2466 517 2522 sicut
537 2467 564 2521 bi
587 2467 702 2537 amplius
724 2476 787 2523 sunt
799 2469 925 2540 applicati

128 2559 227 2614 ilicinis
242 2559 358 2615 cultibus
369 2568 395 2615 et
416 2557 565 2614 familiares
576 2558 703 2613 dicuntur
713 2559 818 2615 Domini
834 2561 927 2617 Salva·

128 2649 208 2714 toris,
224 2648 260 2702 ita
275 2647 395 2703 moribus
408 2655 434 2703 et
456 2647 661 2704 conversatione
676 2656 759 2719 atque
781 2651 926 2707 sanctitate

127 2738 226 2794 debent
245 2752 305 2794 csse
320 2738 451 2793 distincti.
467 2736 521 2792 llas
535 2752 600 2809 ergo
619 2746 723 2807 septem
737 2737 925 2794 hebdomadas

127 2845 223 2887 omncs
239 2831 329 2887 clerici
341 2847 356 2886 a
370 2847 453 2888 carne
467 2842 495 2889 et
507 2833 612 2888 deliciis
623 2832 755 2904 jejunent,
769 2842 796 2891 et
806 2835 924 2907 hymnis,

128 2932 156 2980 et
172 2925 282 2997 uigiliis,
308 2934 391 2996 atque
406 2926 575 2982 orationibus
599 2925 715 2983 Domino
737 2927 870 2984 inhaerere
884 2928 927 2983 die

129 3028 264 3088 noctuque
285 3018 420 3073 studeant.
570 3075 574 3082 ,

445 3099 448 3103 ’
484 3089 577 3143 xllx.

977 491 1041 543 trino
1055 489 1193 543 concredi
1214 488 1400 552 decennibus,
1424 491 1470 543 oni
1487 491 1601 546 ahsente
1615 490 1785 549 adversario

977 595 1085 634 cansam
1101 580 1266 650 suggesserit
1281 588 1343 634 ante
1353 580 1494 650 utriusque
1507 580 1714 651 partisjustam
1726 585 1784 639 dis-

976 673 1149 738 cussionem;
1171 688 1220 728 nec
1231 673 1259 727 bi
1270 672 1316 743 qui
1330 687 1383 728 noa
1398 682 1461 728 sunt
1481 675 1570 729 idonei
1586 674 1782 746 suscipiantur

976 762 1010 819 ad
1023 765 1242 829 accusationem
1257 770 1284 819 et
1303 765 1455 834 omnesqui
1469 766 1599 820 aduersus
1617 766 1723 822 Patres
1736 783 1781 822 ar-

976 863 1095 922 mantur,
1112 855 1227 911 infames
1239 871 1300 912 csse
1314 872 1465 912 censemus.
1477 857 1572 911 Patres
1586 856 1664 912 enim
1681 872 1779 912 omnes

975 947 1122 1003 venerandi
1136 955 1208 1013 sunt,
1224 963 1277 1002 uon
1289 947 1434 1017 respuendi
1447 962 1479 1000 ae
1491 945 1649 1001 insidiandi.
1664 946 1700 1000 lli
1713 963 1779 1002 tero

977 1039 1021 1109 qui
1037 1054 1098 1095 eum
1113 1039 1232 1094 inimicis
1246 1048 1394 1103 morantur,
1410 1051 1456 1094 aut
1470 1039 1515 1108 qui
1529 1041 1653 1109 suspecti
1673 1041 1779 1095 habeu-

976 1139 1031 1197 tur,
1043 1132 1154 1187 minime
1167 1133 1343 1202 recipiantur,
1360 1132 1423 1200 qrria
1435 1146 1529 1186 eorum
1543 1131 1686 1186 aemulatio
1708 1131 1780 1187 lacc-

976 1231 1019 1277 rat
1031 1224 1112 1277 ctiam
1126 1224 1294 1279 innocentes.
1308 1223 1385 1277 llunc
1398 1238 1504 1277 murum
1517 1221 1710 1278 firmissimum
1725 1234 1781 1279 sta·

976 1320 1087 1368 tuerunt
1100 1314 1196 1369 Patres
1210 1315 1312 1378 nostri,
1326 1322 1354 1367 ct
1372 1330 1422 1368 nos
1433 1328 1494 1367 cum
1509 1314 1549 1368 eis
1564 1321 1666 1368 contra
1680 1329 1780 1376 perse-

976 1415 1084 1461 cutores
1097 1417 1213 1461 vestros.
1228 1407 1285 1461 lloc
1300 1408 1421 1461 remedio
1445 1421 1538 1461 eorum
1560 1406 1706 1474 pellantur
1719 1423 1790 1463 ma-.

976 1499 1160 1563 chinamenta,
1176 1505 1204 1553 ct
1216 1513 1265 1552 ros
1279 1498 1428 1553 sanctiores
1440 1505 1467 1551 et
1479 1497 1635 1551 securiores
1648 1496 1781 1552 famulari

975 1591 1134 1646 mereamini
1149 1599 1240 1646 vestro
1253 1588 1395 1644 Salvatori.
1424 1605 1429 1614 ·

1323 1703 1419 1758 xxxt.

976 1795 1015 1851 De
1028 1797 1246 1866 metropolitanis,
1261 1803 1289 1848 nt
1307 1793 1395 1848 nullas
1406 1793 1502 1862 absque
1511 1792 1781 1861 contprorincialinrn

1010 1868 1191 1936 episcoporum
1209 1866 1337 1919 instantio
1350 1863 1499 1935 aliquorum
1510 1863 1603 1916 radiat
1617 1879 1731 1919 causas.

976 1957 1033 2030 (Ex
1057 1957 1170 2027 epistola
1193 1957 1270 2027 Ygini
1287 1969 1362 2026 papae
1383 1955 1488 2010 cunctis
1508 1954 1663 2024 apostoliea
1685 1956 1739 2012 hdr
1756 1967 1782 2011 et

1153 2027 1275 2082 doctrina
1288 2027 1441 2097 uigentibus
1455 2024 1582 2096 scripta.)

1010 2143 1157 2208 caeteruin,
1178 2143 1293 2201 iratres,
1308 2139 1379 2194 retro
1398 2141 1426 2193 in
1441 2139 1561 2194 omnibns
1575 2139 1711 2194 llomanoe
1726 2140 1780 2194 Er·

976 2231 1062 2287 clesire
1072 2231 1219 2303 priuilepio,
1234 2231 1322 2285 nullus
1337 2229 1563 2299 metropolitanus
1578 2229 1688 2300 absque
1701 2241 1782 2285 cam·

976 2338 1068 2378 rorum
1087 2323 1208 2379 omnium
1233 2321 1501 2391 comprovincialium
1520 2322 1720 2391 episcoporum
1740 2325 1782 2377 ia-

976 2419 1076 2474 stantia
1091 2418 1243 2488 aliquorum
1264 2418 1356 2472 audiat
1377 2432 1489 2482 causas;
1504 2419 1569 2487 quia
1591 2417 1682 2472 irritae
1699 2427 1782 2472 errant

976 2509 1055 2564 aliter
1074 2519 1142 2565 actae
1157 2524 1239 2580 quam
1253 2509 1281 2564 in
1295 2517 1441 2579 conspectu
1455 2524 1550 2564 eorum
1572 2510 1702 2565 omnium
1715 2524 1781 2564 ιιιι-

976 2604 1069 2670 tilata,
1082 2604 1176 2675 etipse
1190 2601 1214 2659 si
1226 2602 1331 2668 lecerit,
1347 2609 1536 2657 coerceatuna
1549 2599 1697 2659 iratribus.

1319 2715 1427 2772 xxxu.

1172 2811 1231 2878 an
1245 2811 1288 2865 die
1302 2808 1405 2864 Pascha
1420 2807 1573 2863 celebretur.

977 2904 1027 2976 (lix
1043 2905 1156 2976 epistola
1171 2905 1210 2959 Pii
1225 2918 1301 2975 papa
1313 2904 1413 2972 scripta
1426 2903 1555 2958 omnibus
1569 2903 1597 2956 in
1613 2901 1670 2958 ilde
1689 2911 1719 2958 et
1730 2907 1779 2960 do·

1143 2975 1230 3030 ctrina
1243 2974 1390 3043 apostolica
1407 2973 1608 3045 manentibus.)
1732 2979 1741 2990 ·

1011 3065 1145 3120 Craterum
1160 3080 1241 3120 nosse
1254 3080 1304 3121 vos
1319 3063 1453 3127 volumus,
1466 3062 1537 3132 quod
1550 3061 1658 3119 Pascha
1671 3064 1776 3120 bomini

130 3178 290 3248 lletcntpore
303 3179 400 3242 missa,
417 3187 441 3231 et
455 3179 525 3248 arrad
546 3179 685 3248 depellens
700 3181 810 3250 liptanas
831 3182 922 3236 dicen·
938 3132 960 3193 C
976 3158 1020 3212 ‘¹³⁸
1042 3157 1184 3214 ⁰⁰¹⁰i¹¹i⁰⁰
1208 3158 1306 3212 ³¹¹¹¹¹¹i⁸
1329 3154 1496 3227 “mribus
1516 3155 1552 3210 ⁵st
1569 3154 1776 3211 edebfflfldffl·

250 3248 300 3302 tias
314 3256 352 3302 est
367 3246 531 3301 solummodo
543 3258 658 3318 tempore
672 3265 798 3321 corrprno.

380 3340 431 3412 (Ex
443 3340 541 3396 eadem
556 3340 692 3412 epistola.)

164 3433 249 3490 h'octe
274 3449 339 3490 uero
361 3442 455 3488 sancta
482 3433 633 3489 natiuitatis
653 3434 759 3489 bomini
782 3436 926 3492 salvatoris

128 3527 228 3581 missas
248 3523 388 3580 celebrent
400 3533 428 3579 ιι
444 3526 573 3596 hymnum
597 3524 754 3597 angelicum
768 3527 795 3582 in
818 3528 858 3583 eis
879 3543 924 3583 so·

128 3617 255 3672 lemnitcr
279 3615 443 3670 decantent:
467 3615 595 3685 quoniam
612 3616 706 3670 cadem
726 3627 804 3672 nocte
826 3620 860 3674 ab
875 3633 925 3672 an·

130 3706 189 3778 gelo
201 3707 354 3776 pasoribus
372 3713 415 3760 cst
432 3707 582 3767 nuntiatus.
601 3706 671 3761 sicut
690 3707 748 3778 ipsa
771 3709 871 3764 ceritas
885 3717 925 3765 te-

131 3805 220 3854 statur
234 3798 346 3854 dicens:
363 3796 487 3852 Praetores
507 3807 582 3852 erant
595 3798 622 3852 in
639 3800 742 3870 cepione
755 3801 845 3854 eadem
864 3802 926 3872 aipi-

130 3893 226 3958 lontes,
248 3901 273 3946 et
294 3892 467 3946 custodientes
490 3890 594 3961 cipilias
618 3893 701 3946 noctis
719 3910 799 3964 supra
822 3910 925 3965 piapen

975 3252 1036 3308 istis
1051 3267 1117 3322 ergo
1133 3253 1303 3323 temporibus
1318 3250 1433 3306 llermes
1452 3249 1548 3304 doctor
1564 3247 1627 3304 ndei
1651 3258 1680 3303 et
1703 3249 1779 3304 Scri-

975 3352 1117 3413 pturarum
1133 3341 1209 3398 lulsit
1219 3344 1292 3397 inter
1305 3356 1364 3397 nos.
1385 3341 1420 3397 Et
1433 3340 1498 3415 licet
1513 3353 1564 3394 uos
1579 3338 1651 3393 idem
1668 3338 1777 3393 Pascha

975 3435 1105 3506 predicta
1123 3435 1166 3490 dic
1181 3435 1396 3499 celebraremus,
1414 3439 1443 3488 et
1461 3430 1565 3502 quidam
1584 3429 1648 3483 inde
1662 3429 1778 3484 dubita·

975 3531 1038 3580 reat
1052 3525 1086 3580 ad
1100 3524 1317 3580 corroborandas
1331 3531 1422 3578 tamen
1442 3521 1547 3576 animas
1567 3533 1664 3574 eorum
1684 3518 1777 3573 eidem

975 3611 1096 3669 llermeti
1112 3613 1223 3684 augelus
1237 3613 1343 3667 Domini
1357 3615 1384 3667 in
1395 3610 1490 3667 babitu
1500 3608 1624 3665 Pastoris
1634 3608 1775 3678 apparuit,

975 3711 1004 3758 ct
1014 3705 1144 3775 praecepit
1165 3705 1191 3759 ei
1213 3711 1243 3757 ut
1267 3701 1370 3758 Pascha
1385 3701 1429 3756 dic
1443 3699 1581 3757 dominico
1595 3697 1633 3753 ab
1649 3699 1776 3753 omuibus

976 3794 1161 3850 celebraretur
1184 3802 1306 3862 tempore
1326 3807 1385 3848 suo.
1411 3790 1488 3848 Unde
1507 3797 1536 3844 et
1554 3805 1604 3845 ros
1627 3789 1776 3859 apostoliea

976 3886 1139 3941 attctoritatc
1150 3885 1319 3948 instruimus,
1328 3895 1424 3938 omnes
1434 3880 1531 3936 eadem
1543 3894 1657 3935 serrare
1666 3879 1775 3942 delere,

129 4001 218 4050 ιιιιιιιι,
242 3992 266 4038 ιι
287 4000 346 4039 ecce
367 3983 475 4054 repetas
499 3982 604 4037 bomini
620 3985 689 4038 stetit
708 3986 789 4056 jaste
804 3985 876 4053 ilios,
901 3995 926 4041 et
966 3982 1040 4052 unia
1055 3989 1084 4036 et
1097 3996 1148 4035 nos
1161 3979 1255 4035 eadem
1279 3991 1430 4034 servamus.
1445 3973 1500 4033 Nec
1522 3973 1631 4029 debetis
1653 3988 1669 4027 a
1690 3971 1777 4044 capite

129 4077 273 4132 timuerent
284 4076 378 4129 timore
388 4089 500 4144 napum
515 4082 539 4126 et
550 4073 617 4127 dicit
631 4073 684 4129 illis
695 4076 820 4145 capetus:
836 4075 926 4131 Nolite

129 4169 231 4231 timere,
247 4182 304 4220 ecce
318 4166 387 4219 enim
398 4162 546 4234 eoaapelizo
560 4164 631 4218 uobis
650 4165 776 4234 pendium
789 4183 923 4237 mnpnum,

123 4257 199 4328 ,ιμισιι
218 4257 267 4311 etit
291 4256 362 4309 omni
382 4253 488 4325 populo.
508 4251 577 4318 Quia
599 4263 676 4308 nattes
700 4266 736 4309 cst
760 4257 830 4311 cobis
848 4257 926 4312 ltodie

130 4347 258 4411 aleator,
273 4346 317 4416 qni
329 4354 367 4399 est
379 4343 499 4399 Christus
512 4342 651 4407 dominas,
670 4345 697 4398 in
708 4347 812 4400 ciuitate
822 4346 906 4400 Dorici
914 4365 923 4411 ,·

130 4450 154 4494 ιι
168 4439 216 4493 hoc
231 4438 301 4493 colis
322 4437 443 4506 siparum:
461 4435 599 4489 inuenietis
619 4435 755 4505 insontem,
770 4438 864 4507 portetis
883 4437 923 4490 in·

131 4529 258 4595 relatum,
274 4537 299 4583 et
314 4528 426 4599 positam
442 4525 469 4579 in
491 4526 628 4596 praesepio.
646 4525 679 4579 lit
699 4527 785 4581 sabito
800 4527 871 4597 [acta
886 4540 923 4583 est

131 4635 191 4672 eran
213 4617 304 4689 capelo
330 4616 471 4671 ntnltitndo
494 4615 594 4670 militioe
617 4615 734 4678 eoelestis,
759 4617 924 4672 laudantium

131 4708 228 4774 neem,
241 4719 265 4763 et
289 4710 452 4763 dicentium:
476 4705 567 4761 Gloria
588 4709 615 4762 in
633 4706 767 4762 ultissimis
789 4707 844 4762 Deo
859 4719 884 4762 ιι
898 4711 924 4764 in

132 4810 204 4856 terra
214 4818 267 4873 pax
275 4803 421 4858 leominibns
433 4802 653 4858 conuertentem
667 4802 744 4874 (Lite.
760 4820 789 4868 ιι,
804 4804 923 4876 8sepq.).

136 4892 258 4962 ileliqnis
273 4903 362 4950 autem
378 4896 544 4964 temporibus
563 4896 708 4951 missarum
728 4895 925 4951 celebrationes

133 4992 199 5039 autc
213 4983 308 5039 horam
331 4986 385 5041 diei
401 4988 508 5041 tertiam
528 4988 641 5043 minime
661 4995 723 5041 sunt
743 4986 923 5053 celebrandae,

133 5074 197 5148 quia
219 5075 314 5129 eadem
335 5077 403 5130 hora
428 5086 455 5130 et
470 5078 598 5133 bominus
615 5077 770 5140 crucifixus,
793 5083 820 5131 et
846 5093 927 5147 super

135 5168 273 5241 apostolos
292 5166 411 5239 Spiritus
431 5179 541 5225 sanctus
563 5171 735 5226 descendisse
758 5170 865 5240 legitur.
885 5169 926 5225 tn

134 5263 269 5334 episcopis
290 5272 380 5317 antem
401 5261 471 5314 idem
487 5262 629 5331 hagelicus
652 5264 770 5333 hymnus
790 5248 840 5333 pro
860 5271 928 5317 tem·

136 5370 211 5428 pore,
220 5365 247 5411 et
262 5356 289 5411 in
299 5354 362 5410 loco
371 5354 401 5408 in
412 5352 554 5407 missarum
565 5353 703 5408 solemniis
712 5354 865 5409 recitandus
875 5361 925 5408 cst.

481 5443 567 5499 lixit.

172 5545 211 5602 Ne
224 5540 316 5595 absens
331 5548 479 5602 ocerrsetnr,
493 5548 517 5591 et
532 5536 576 5608 qai
588 5553 712 5590 accersere
730 5555 780 5591 non
794 5540 902 5606 possint.

378 5630 427 5698 (Ex
441 5629 536 5684 cadon
551 5626 686 5698 epistola.)

177 5724 357 5778 Accusatores
368 5735 433 5778 rem
441 5729 469 5776 ct
479 5719 666 5778 accusationes
676 5732 745 5790 qaas
755 5720 826 5789 leges
838 5720 928 5775 saculi

976 4084 1085 4142 quoquo
1095 4070 1175 4155 mpdo
1186 4068 1329 4124 dissidere.

1313 4178 1431 4235 xxxttt.

978 4280 1019 4334 Νι
1038 4280 1139 4351 praedio
1156 4276 1334 4333 ecclesiastica
1355 4274 1451 4398 riliqrctis
1472 4270 1548 4326 tollat
1568 4281 1592 4326 ιι
1615 4271 1671 4326 esis
1686 4270 1775 4324 asilus

1310 4363 1361 4417 app
1373 4362 1411 4400 sce
1426 4384 1432 4398 .

990 4441 1040 4511 (Ex
1055 4440 1167 4511 epistola
1182 4437 1259 4507 cujus
1272 4450 1352 4506 supra
1372 4435 1471 4491 italicis
1485 4432 1621 4488 iratribus
1634 4433 1760 4502 scripta.)

1013 4529 1053 4583 nd
1068 4530 1160 4584 sedem
1174 4535 1265 4582 antem
1287 4525 1463 4595 apostolicam
1477 4523 1616 4593 perlatum
1637 4531 1690 4585 est,
1706 4522 1775 4591 arrad

978 4622 1033 4676 sint
1048 4622 1117 4675 inter
1131 4636 1180 4676 vos
1194 4619 1392 4683 contentiones,
1406 4625 1433 4672 ct
1446 4615 1650 4677 aemulationes,
1666 4623 1695 4668 et
1708 4629 1777 4682 pre·

978 4712 1022 4766 dia
1035 4712 1134 4765 diuinis
1146 4711 1238 4765 usibus
1253 4708 1360 4771 tradita,
1377 4707 1485 4776 qrridam
1497 4705 1631 4759 hirmanis
1641 4703 1776 4772 applicent

978 4805 1084 4871 usibus,
1099 4813 1126 4860 ιι
1139 4804 1253 4858 bomine
1263 4801 1319 4857 Deo
1329 4800 1372 4856 cul
1384 4799 1481 4853 tradita
1491 4806 1558 4851 sunt
1568 4811 1603 4852 ea
1614 4797 1778 4851 subtrahant

977 4905 1009 4950 ut
1028 4896 1084 4951 suis
1105 4895 1200 4950 usibus
1222 4891 1385 4948 inserviant.
1400 4888 1570 4958 Quapropter
1594 4887 1632 4941 ab
1651 4885 1776 4941 omnibus

979 4986 1051 5041 illins
1072 4985 1258 5055 usrrrpationis
1283 4979 1448 5038 contumelia
1472 4977 1635 5048 depellenda
1657 4986 1721 5042 est,
1744 4991 1776 5030 ιιι

979 5078 1079 5148 pradia
1095 5077 1146 5132 sibi
1164 5083 1331 5132 secretorum
1352 5071 1504 5128 scelestium
1520 5069 1666 5139 judicata,
1684 5085 1701 5124 a
1720 5069 1776 5139 qni-

979 5169 1092 5225 hnsdam
1107 5167 1273 5223 irmeutibus
1285 5172 1427 5221 vexentur.
1440 5159 1518 5229 Quod
1532 5161 1555 5216 si
1570 5162 1636 5230 qrris
1648 5174 1777 5233 prasum-

979 5263 1073 5333 psarit‚
1089 5260 1236 5330 sacrilegus
1250 5259 1392 5322 habeatur,
1413 5261 1441 5309 et
1456 5253 1527 5308 sicut
1538 5252 1696 5324 sacrilegus
1706 5251 1776 5319 judi·

980 5366 1066 5412 cetur.
1081 5355 1156 5425 lpsos
1169 5361 1257 5407 autem
1269 5351 1317 5421 qui
1326 5350 1378 5404 boc
1390 5355 1474 5418 agunt
1483 5334 1616 5410 elericos,
1631 5354 1660 5400 ιι
1670 5342 1776 5401 bomin

980 5448 1134 5503 sacerdotes
1148 5444 1274 5515 persequi
1287 5456 1390 5512 eosque
1404 5439 1538 5495 iulamare
1554 5438 1733 5501 audirimus,
1750 5441 1778 5490 ιιι

980 5541 1081 5594 uratum
1095 5553 1177 5608 super
1187 5535 1288 5591 malum
1303 5534 1434 5590 addentes
1452 5529 1610 5586 deteriores
1625 5529 1709 5596 hant,
1728 5544 1776 5584 nott

980 5629 1171 5699 intelligentes,
1185 5625 1257 5695 quod
1267 5623 1387 5679 Ecclesia
1408 5621 1456 5677 bei
1469 5621 1496 5676 iu
1509 5621 1708 5677 sacerdotibus
1718 5635 1777 5677 eoa·

981 5719 1060 5775 sistat
1073 5726 1100 5773 et
1112 5725 1218 5772 crescat
1229 5716 1257 5770 in
1269 5711 1401 5786 templum
1414 5710 1474 5769 bel.
1484 5710 1520 5767 Ει
1534 5710 1612 5768 sient
1625 5713 1674 5784 qni
1690 5711 1778 5769 tacte
