3810 6120
66 316 68 320 .
140 283 194 340 ιω
795 271 973 330 slllttrcul
992 272 1141 329 hBBthS
1726 275 1777 334 itt

139 412 207 452 nens
218 396 300 452 dicat.
312 395 357 448 hit
368 393 456 448 enirn:
472 392 631 463 Deponentes
643 398 667 444 ct
680 405 722 442 nos
737 403 837 441 omnent
849 388 928 449 icona,
943 390 967 448 Α
981 386 1161 443 habitatorem
1175 388 1305 459 Spiritum
1316 400 1451 460 sanctum,
1466 401 1493 448 et
1505 393 1532 448 in
1553 392 1646 450 tuturo
1657 395 1777 454 otioru-

139 500 162 542 ει
177 489 394 559 indigitationem,
419 495 442 539 ct
457 484 585 537 molitiem
600 480 711 554 (Coloss.
732 479 785 548 ιιι).
811 476 929 532 lacobus
979 481 1093 549 gloriam
1104 494 1130 536 et
1143 484 1327 539 haereditatem
1343 486 1509 556 accipiamus
1522 497 1664 543 marnam.

139 595 247 648 qaoque
267 579 350 633 llicit:
367 577 414 630 iro
427 577 496 631 eninr
516 575 564 629 stri
583 572 717 643 justitiam
734 570 782 624 Dei
800 586 852 622 non
867 585 929 638 ope·
1014 572 1058 625 25.
1070 572 1163 626 Pacem
1177 573 1333 643 [nisonrnon
1343 576 1407 629 dore
1421 575 1509 648 (Psoi.
1520 595 1606 642 xxrrr,
1619 578 1704 633 IPet.
1721 579 1776 651 ιιι).

146 666 301 736 retorridae.
312 672 340 734 ι).
351 669 478 721 Saloruou
487 673 595 724 reroait
606 669 697 724 :chns
708 678 730 720 et
739 666 875 718 iracundia
885 665 933 716 nri·
980 662 1008 716 ld
1020 672 1071 726 cst,
1080 664 1203 719 osculnm
1217 665 1258 719 rel
1267 667 1384 720 reniam.
1399 667 1656 739 Falsilasappellata
1670 670 1778 728 alaneio

146 758 398 830 strathteihten.
411 760 486 830 xxx).
501 762 533 815 Et
544 763 609 815 aliti
621 781 627 818 ;
641 767 723 814 tlonro
734 758 833 811 transiri
843 763 931 810 serant
980 751 1053 805 aliud
1071 768 1151 820 quam
1175 754 1246 822 quod
1260 769 1353 809 rerum
1374 766 1425 810 est.
1451 757 1557 828 Negare
1571 760 1643 816 enirn
1656 760 1702 816 rel
1719 777 1778 816 ma·

144 853 227 918 iram,
240 867 263 907 et
279 873 294 906 o
307 855 358 906 Deo
374 859 470 921 apoterit
489 856 616 907 rrredetnrn
639 853 735 909 tlicrli.
748 852 853 918 ssent).
870 849 932 916 lpse
980 843 1053 913 ligno
1068 844 1159 897 aninlo
1172 843 1261 899 celare
1273 846 1344 914 quod
1359 862 1453 901 rcrttru
1468 854 1519 911 est,
1531 847 1638 904 salsitas
1649 857 1693 906 est
1704 869 1711 903 z
1723 851 1777 905 sie-

138 945 201 998 rhun
217 959 281 999 earo
295 943 330 998 sit
349 950 439 996 serrat
452 941 533 1004 iram,
553 946 580 994 et
592 936 812 1008 propitiationem
834 933 929 1003 petita
980 941 1009 985 nt
1024 932 1116 996 ludas,
1142 935 1188 1003 qui
1209 936 1316 1004 signum
1331 937 1405 1003 pacis
1425 936 1452 990 iu
1472 936 1562 991 dolum
1574 939 1729 1003 consertis,
1748 948 1777 995 et

138 1033 194 1088 Deo
206 1034 326 1088 velocem
342 1040 370 1087 et
383 1032 477 1086 eitam.
496 1029 547 1097 Qui
562 1044 626 1098 ergo
645 1026 738 1080 tardus
752 1024 803 1078 sihi
818 1021 929 1075 tratrem
980 1025 1043 1092 quia
1055 1025 1139 1079 talsus
1151 1025 1290 1080 confessor
1304 1018 1404 1092 luerat,
1417 1036 1446 1084 et
1458 1028 1554 1083 salsam
1568 1045 1664 1101 pacem
1678 1031 1707 1085 in
1724 1032 1775 1087 Ec·

138 1125 306 1189 reconciliat,
323 1124 427 1178 tardius
441 1123 525 1176 Deum
539 1120 591 1175 sibi
613 1119 713 1189 placat.
734 1115 846 1168 Frustra
858 1113 929 1166 enirn
980 1116 1063 1170 clesia
1089 1115 1232 1186 figurabat.
1258 1117 1327 1182 Quia
1343 1119 1375 1172 de
1389 1118 1456 1173 lalsa
1476 1136 1542 1189 pace
1558 1121 1690 1186 diximus,
1715 1138 1775 1191 qua

136 1217 277 1287 propitiari
295 1216 345 1270 sibi
358 1215 443 1269 Deum
459 1213 567 1282 quaerit,
582 1211 628 1279 qui
643 1210 696 1264 cito
717 1208 825 1277 placare
839 1204 931 1274 proxi·
980 1213 1043 1260 sunt
1057 1222 1126 1260 rerae
1138 1207 1212 1276 pacis
1226 1208 1367 1262 commoda
1385 1209 1535 1265 videamus.
1552 1210 1618 1265 Etsi
1633 1227 1687 1281 pax
1710 1228 1774 1290 repa

137 1322 211 1360 snum
226 1305 344 1375 negligit.
371 1304 430 1373 lpse
447 1316 555 1371 quoqne
571 1299 701 1353 Dominus
723 1305 825 1361 noster,
848 1294 930 1349 totius
980 1304 1039 1359 est,
1062 1297 1194 1350 serenitas
1217 1298 1316 1351 mentis
1329 1307 1356 1351 et
1375 1296 1557 1367 tranquillitas
1571 1299 1675 1365 animi,
1693 1317 1774 1370 quarn

136 1394 264 1448 Ecclesiae
279 1409 334 1447 snm
348 1392 429 1447 decus
442 1400 470 1445 et
481 1397 689 1451 ornamentum,
714 1387 810 1440 doctor
824 1393 852 1439 et
862 1399 930 1454 prae-
980 1401 1030 1439 uos
1045 1385 1189 1455 Apostolus
1211 1387 1336 1441 hortatur
1357 1389 1458 1442 habere
1480 1389 1592 1443 dicens:
1618 1387 1718 1444 Pacem
1731 1408 1772 1444 se-

136 1485 250 1546 dicator,
263 1492 380 1546 creator,
396 1490 485 1535 rector
497 1489 523 1535 et
540 1480 716 1549 gubernator,
739 1477 773 1529 alr
788 1475 827 1528 ira
839 1489 888 1528 nos
902 1473 929 1527 iu
979 1476 1110 1546 quintini,
1135 1487 1160 1530 et
1183 1478 1400 1543 santumnium,
1424 1479 1480 1532 cirre
1503 1497 1555 1549 qno
1580 1496 1656 1534 nemo
1679 1481 1776 1537 ridebit

136 1575 236 1630 iratres
249 1575 360 1630 omuino
379 1587 520 1626 removens
542 1572 598 1625 ait:
624 1567 717 1622 Carenis
743 1568 787 1637 qni
807 1566 930 1618 irascitur
980 1564 1064 1618 Deum
1077 1564 1169 1636 (iletre.
1185 1567 1245 1635 ιιι).
1271 1566 1330 1636 lpse
1344 1583 1451 1637 quoqne
1464 1568 1593 1624 Dominus
1612 1570 1638 1623 in
1650 1570 1774 1642 Evange-

136 1669 214 1738 [rctri
225 1685 284 1731 sno,
299 1683 357 1720 rests
370 1666 419 1719 erit
427 1665 530 1734 jndicio
546 1662 653 1733 (lintttr.
668 1659 706 1730 ιι).
722 1657 876 1713 Cavendum
888 1663 929 1711 cst
980 1648 1017 1701 1'10
1058 1655 1115 1707 ait:
1133 1655 1208 1709 Beati
1218 1657 1334 1726 pacifici,
1348 1659 1472 1726 qnoniam
1484 1659 1534 1727 ptis·
1545 1659 1594 1712 Dei
1610 1659 1775 1715 recedenter

135 1774 200 1828 crgo
212 1759 330 1812 urarirne
344 1756 484 1810 monachis
497 1753 543 1823 qui
558 1754 591 1807 ad
602 1767 699 1821 supera
711 1749 826 1805 feliciter
837 1748 930 1801 solunt
943 1733 966 1791 Β
981 1743 1089 1814 (hlottlr.
1113 1743 1151 1815 r).
1179 1745 1212 1798 Et
1233 1746 1352 1816 passioni
1374 1746 1431 1816 jaru
1458 1749 1599 1817 proximus
1620 1750 1673 1805 hoc
1694 1751 1774 1808 uobis

135 1849 268 1905 scandere
290 1861 371 1918 regna
385 1848 419 1900 ad
442 1845 567 1900 ellectum
586 1858 663 1897 snam
688 1840 835 1909 perducere
849 1838 927 1901 iram,
979 1834 1138 1888 nrandatnm
1155 1836 1354 1890 cornnrendarit
1375 1838 1487 1892 dicens:
1513 1836 1610 1892 Pacem
1630 1857 1715 1894 mom
1737 1840 1773 1895 tto

135 1941 183 1995 aad
198 1939 284 2008 tnagis
304 1946 461 1993 nrarrsuctos
484 1949 544 1990 csse
567 1935 601 1989 ad
621 1945 716 1987 omues
729 1937 836 1999 oportet
848 1936 929 1996 atque
980 1923 1065 1987 robis,
1086 1941 1177 1994 pacem
1196 1942 1279 1979 meam
1294 1928 1445 1981 commendo
1458 1929 1529 1982 nobis
1548 1928 1639 1997 (donn.
1654 1931 1722 2001 xrs).
1739 1931 1774 1987 Et

134 2030 303 2084 mitissimos.
329 2028 400 2083 Etsi
415 2025 560 2080 iracundiae
575 2023 652 2078 luror
668 2037 761 2078 eorum
782 2020 930 2091 pulsaverit
979 2015 1099 2091 addidit:
1127 2015 1189 2071 Non
1211 2018 1278 2071 sicto
1306 2017 1419 2073 mandas
1443 2018 1509 2086 det,
1533 2038 1623 2091 peceat
1648 2022 1683 2075 do
1700 2022 1771 2077 eolis

134 2119 277 2183 animum,
304 2115 442 2170 fraternus
469 2130 545 2171 arrror
570 2113 730 2181 comprimat
754 2111 840 2165 illurn.
864 2107 929 2162 Fra·
980 2096 1079 2177 (itta),
1096 2107 1188 2172 idest,
1204 2109 1467 2174 nondolosam,uon
1482 2109 1586 2177 lalsarn,
1603 2112 1676 2166 sicut
1689 2110 1773 2169 troas

134 2215 211 2262 terna
226 2205 340 2260 dulcedo
354 2210 486 2273 terrrperet
500 2200 683 2261 iracundiam,
703 2197 823 2252 fraterna
837 2195 928 2250 chari·
978 2203 1006 2250 et
1021 2197 1080 2266 ejus
1092 2213 1222 2268 sequaces
1236 2199 1357 2264 sinuant,
1379 2215 1460 2269 quarn
1475 2210 1503 2256 et
1517 2202 1561 2256 hic
1583 2203 1661 2257 nobis
1676 2203 1773 2258 heatus

135 2307 177 2352 tas
192 2305 322 2365 temperet
335 2295 552 2357 animositatem,
568 2291 688 2345 fraterna
704 2288 812 2343 dilectio
824 2286 929 2356 mitiget
978 2284 1140 2344 Benedictus
1155 2287 1270 2341 inricem
1290 2289 1356 2344 dare
1378 2298 1473 2355 relat;
1497 2291 1544 2345 sed
1567 2307 1661 2347 reram
1676 2308 1772 2364 pacem

134 2386 366 2456 irnlignationem:
392 2384 493 2453 grande
509 2383 583 2437 enim
604 2381 700 2435 sitium
720 2388 762 2436 est
777 2377 928 2432 iracundia.
979 2376 1127 2432 ascendens
1144 2378 1171 2432 in
1186 2379 1284 2434 coelum
1299 2381 1442 2435 mnendam
1463 2382 1548 2448 dedit,
1572 2393 1600 2437 et
1614 2384 1643 2437 in
1657 2385 1772 2441 haereti·

133 2477 186 2533 Per
199 2478 266 2531 irasu
281 2475 412 2545 sapientia
430 2474 561 2543 perditur,
579 2487 628 2541 per
642 2474 710 2524 iram
724 2469 830 2536 justitia
847 2467 929 2521 reliu·
979 2473 1062 2520 tatem
1076 2467 1268 2534 sempiternam
1281 2468 1431 2523 habendam
1443 2469 1561 2540 reliquit.
1578 2471 1666 2537 Quam
1680 2472 1704 2526 si
1717 2471 1772 2526 siu·

133 2568 234 2637 spritus,
256 2582 305 2636 per
327 2566 394 2618 irarn
409 2567 525 2618 societas
540 2562 659 2616 fraterna
683 2559 854 2621 dissolvitur,
879 2571 929 2625 per
978 2569 1042 2610 cero
1060 2555 1141 2609 corde
1160 2564 1252 2612 tenere
1272 2567 1299 2611 et
1313 2559 1391 2626 sequi
1414 2559 1589 2624 voluerimus,
1607 2560 1657 2615 lilii
1672 2561 1722 2615 Dei
1743 2573 1771 2616 et

133 2661 201 2714 irorn
217 2660 291 2728 pacis
305 2658 449 2713 concordia
474 2656 625 2723 rumpitur,
650 2668 699 2722 per
713 2653 781 2706 iram
800 2650 843 2705 lex
856 2649 927 2705 reri·
978 2646 1099 2703 harcies
1114 2646 1216 2703 erimus
1228 2646 1340 2702 Christi.
1356 2649 1427 2720 Ergo
1442 2649 1465 2705 si
1480 2648 1528 2703 lilii
1543 2649 1592 2704 Dei
1606 2660 1635 2705 et
1650 2650 1772 2706 baereoes

133 2751 199 2804 tatis
216 2749 359 2803 amittitur.
382 2745 530 2800 iracundiae
544 2744 662 2798 stimulis
679 2741 809 2811 agitatum
829 2752 928 2808 eorpus
976 2735 1077 2790 Christi
1093 2749 1153 2790 esse
1165 2737 1299 2806 cupimus,
1318 2738 1345 2790 iu
1357 2738 1457 2793 Christi
1472 2754 1539 2809 pace
1552 2755 1705 2796 versemur.
1720 2739 1776 2796 Pa‘

132 2848 219 2896 toturn
241 2838 342 2900 tremit,
366 2837 456 2905 lingua
477 2833 607 2895 balbutit,
632 2832 723 2885 vultus
739 2828 863 2899 ignescit.
879 2842 928 2881 eor
977 2824 1070 2879 cilicos
1094 2825 1165 2881 eninr
1190 2840 1251 2881 esse
1272 2835 1379 2897 oportet
1402 2827 1472 2882 filios
1491 2829 1558 2894 Dei,
1585 2837 1614 2883 et
1642 2830 1771 2898 humiles,

131 2929 268 3000 palpitans
288 2926 428 2989 tremulat,
453 2932 481 2979 et
501 2923 570 2978 oculi
593 2921 692 2977 turbati
715 2919 840 2989 caligant.
864 2917 927 2973 ilaec
976 2923 1067 2969 mente
1080 2915 1171 2980 mites,
1185 2916 1266 2970 corde
1278 2917 1423 2986 simplices,
1437 2919 1772 2988 sermonepuros,animo

131 3036 197 3092 ergo
212 3036 245 3075 oe
260 3021 320 3084 tihi,
343 3019 485 3079 morrache
502 3015 670 3085 contingunt,
687 3019 817 3081 qnantum
840 3010 924 3075 sales,
977 3006 1147 3073 innocentes,
1160 3007 1258 3063 allectn
1272 3010 1431 3078 concordes,
1448 3009 1564 3068 fideliter
1581 3012 1692 3069 sibimet
1701 3028 1772 3070 una·

132 3111 241 3166 refrena
259 3111 338 3171 iram,
354 3117 382 3161 et
394 3107 485 3160 omrria
498 3121 558 3158 curu
574 3102 768 3172 trarrqnillitate
784 3109 813 3154 ct
823 3071 960 3169 patien-C
976 3099 1087 3156 nimiter
1097 3101 1275 3155 cohaerentes.

132 3200 181 3263 tia,
202 3207 232 3252 ut
248 3207 277 3252 et
300 3198 345 3252 hic
361 3203 386 3248 tc
401 3195 522 3249 modeste
536 3202 563 3248 et
585 3194 718 3261 patienter
739 3191 884 3260 gubernes,
898 3198 926 3245 et
1012 3188 1056 3244 26.
1073 3188 1234 3244 Charitotern
1248 3206 1301 3245 non
1315 3190 1493 3262 deretinquere
1507 3190 1597 3262 (Rom.
1612 3207 1664 3258 ιιι,
1679 3189 1696 3245 1
1709 3189 1770 3247 Cor.

132 3290 159 3345 iu
172 3297 303 3344 aeternnm
318 3287 414 3340 atrimae
425 3294 477 3339 tuce
490 3300 630 3354 possessor
648 3282 755 3338 laeteris.
976 3277 1045 3353 nrt).
1059 3277 1186 3336 Charitas
1197 3288 1240 3336 est
1252 3280 1370 3352 perlecta
1385 3282 1494 3338 dilectio
1508 3283 1535 3336 in
1547 3283 1633 3337 Ιιειιιιι
1645 3290 1673 3337 et
1683 3283 1772 3353 proxi-

167 3378 212 3432 Dl.
231 3376 325 3430 Dolnor
339 3378 366 3430 in
378 3376 454 3430 corde
468 3393 521 3428 non
535 3386 621 3428 tencre
635 3371 726 3443 (Pron.
746 3388 783 3427 sn
798 3383 825 3427 et
840 3389 925 3440 xrrr;
977 3387 1062 3437 mum,
1075 3387 1156 3442 quarn
1171 3374 1217 3443 qui
1237 3373 1409 3444 derelinquit,
1429 3382 1457 3427 et
1474 3359 1561 3427 Deum
1577 3380 1605 3427 et
1615 3373 1771 3444 proximum

132 3467 208 3522 Psoi.
231 3468 298 3538 ιιι).
314 3466 477 3520 Dolusenim
491 3465 579 3519 dictus
590 3463 624 3517 ab
634 3463 749 3533 eoquod
764 3462 925 3519 alteralium
976 3464 1077 3534 perdit.
1102 3464 1164 3519 llaec
1186 3466 1259 3521 enim
1275 3466 1362 3520 virtus
1381 3465 1533 3521 dilectionis
1547 3473 1682 3520 acernum
1695 3479 1770 3520 eoru·

132 3558 251 3615 deludat.
275 3559 353 3611 hlind
368 3557 440 3611 enirn
456 3564 530 3610 tenet
546 3556 572 3609 in
587 3555 679 3620 corde,
700 3554 773 3608 aliud
791 3570 820 3610 se
839 3555 926 3610 simu·
977 3554 1106 3625 plectitur
1127 3570 1258 3610 amorem.
1284 3555 1333 3611 Cui
1346 3556 1471 3626 specialis
1492 3556 1642 3611 secuudum
1655 3557 1771 3627 Aposto-

131 3647 171 3702 lat
180 3662 261 3717 agere
277 3647 303 3699 in
315 3661 407 3714 opere.
433 3646 481 3699 Est
495 3645 566 3698 eninr
578 3645 677 3699 mentis
687 3644 831 3709 calliditas,
846 3653 874 3700 et
884 3659 928 3700 oe·
977 3646 1033 3700 lum
1044 3647 1115 3701 inter
1130 3647 1244 3702 virtutes
1258 3648 1376 3702 traditur
1390 3647 1557 3718 principatus
1571 3655 1599 3702 et
1611 3646 1703 3702 cultus
1715 3663 1772 3702 ιιιι-

131 3738 204 3796 culta
216 3736 318 3791 rnalitia
332 3735 438 3791 blandis
448 3736 618 3789 sermonibus
634 3737 774 3789 adornata.
798 3734 875 3803 Quod
886 3736 927 3791 ri·
978 3753 1045 3792 neus
1060 3738 1085 3792 in
1098 3748 1241 3793 aeternum.
1266 3739 1353 3806 Quam
1368 3756 1422 3796 non
1446 3740 1648 3810 derelinquere,
1665 3754 1770 3796 uecso

131 3833 199 3886 tium
214 3836 314 3897 quanto
331 3827 390 3895 plus
405 3825 557 3881 occultatur
574 3827 601 3881 in
614 3827 706 3891 corde,
722 3835 797 3882 tanto
809 3828 926 3899 amplius
977 3828 1032 3884 lum
1053 3829 1181 3884 debemus
1195 3830 1230 3884 ad
1247 3838 1354 3899 tempus
1368 3830 1484 3895 habere,
1501 3830 1548 3886 sed
1562 3829 1698 3901 perpetim
1713 3845 1771 3885 eaur

131 3921 229 3979 crescit
249 3919 277 3973 in
297 3916 474 3986 malignitate.
499 3915 668 3971 Publieatum
688 3925 777 3972 autom
793 3919 927 3974 annihila·
977 3928 1006 3975 et
1018 3919 1133 3975 feliciter
1148 3920 1277 3976 debemus
1292 3936 1378 3991 usque
1398 3922 1427 3976 in
1439 3930 1570 3975 aurnum
1585 3920 1723 3986 retinere,
1746 3925 1773 3975 et

131 4023 176 4067 tur
198 4019 279 4079 atque
299 4014 421 4063 sanatur.
448 4005 518 4072 Quid
538 4015 580 4061 est
601 4006 674 4061 enirn
697 4006 771 4061 aliud
786 4008 876 4062 dolum
898 4009 925 4070 in
977 4010 1052 4065 nullo
1067 4017 1187 4078 tempore
1200 4025 1249 4066 nec
1263 4011 1297 4065 ad
1310 4018 1476 4065 momentum
1491 4010 1524 4064 de
1536 4019 1631 4065 nostra
1643 4009 1771 4064 debetores

130 4105 212 4159 corde
226 4109 327 4163 tenere,
344 4097 395 4152 nisi
408 4097 608 4166 quodammodo
623 4098 770 4152 daenronem
786 4097 814 4151 iu
832 4107 924 4162 urente
977 4108 1068 4154 mente
1084 4099 1209 4155 delicere.
1233 4099 1370 4170 Scriptum
1383 4109 1427 4156 est
1439 4100 1533 4154 enim:
1561 4098 1641 4154 Omni
1656 4109 1771 4169 ternpore

131 4193 270 4250 recludere
280 4192 291 4244 l
303 4189 353 4256 Qui
368 4189 446 4244 aliter
460 4203 475 4242 a
488 4189 579 4244 dolosa
594 4205 647 4243 nou
661 4189 806 4260 expellitur
824 4199 925 4256 mente,
977 4191 1028 4244 sint
1042 4192 1194 4245 uestimenta
1210 4192 1256 4244 tud
1278 4191 1404 4257 conditio,
1430 4201 1454 4244 et
1471 4190 1558 4244 oleam
1579 4190 1613 4244 de
1630 4190 1716 4260 capito
1727 4198 1771 4243 tas

130 4284 183 4339 nisi
198 4282 316 4335 fraterna
329 4278 482 4334 dilectione.
511 4276 648 4348 Scriptum
669 4289 711 4333 est
733 4280 825 4333 enim:
851 4279 927 4334 Tene·
978 4297 1030 4334 non
1044 4280 1150 4349 deficiat
1172 4280 1435 4352 (contemporanea
1451 4282 1478 4336 in
1493 4281 1581 4350 capite
1594 4288 1639 4336 est
1652 4280 1770 4336 charitas

130 4373 203 4444 plnm
218 4371 268 4425 Dei
279 4371 352 4434 estis,
373 4379 397 4423 et
409 4369 517 4438 spiritns
531 4368 637 4422 Domini
652 4370 752 4424 trolitot
768 4372 794 4424 in
817 4371 886 4425 rolris
898 4370 925 4442 (d
978 4373 1004 4429 in
1021 4382 1120 4429 mente.
1146 4371 1270 4445 Acapite
1291 4373 1381 4427 oleum
1404 4372 1514 4440 delicit,
1537 4387 1600 4427 cum
1614 4371 1769 4426 charitasa

131 4464 193 4518 Cor.
209 4464 262 4535 ιιι).
283 4462 353 4532 Ergo
368 4462 390 4516 si
407 4461 530 4516 volumus
555 4459 673 4530 Spiritus
687 4462 774 4516 sancti
796 4462 925 4531 templum
938 4436 965 4495 D
978 4473 1069 4520 mente
1079 4463 1230 4519 deseendit.
1246 4463 1315 4518 iiiuc
1328 4479 1378 4518 uos
1388 4463 1486 4519 Petrus
1496 4462 1637 4533 apostolus
1647 4463 1770 4517 hortatur

130 4555 202 4618 lieri,
224 4554 301 4608 dolus
316 4555 342 4607 in
360 4553 440 4607 corde
462 4565 557 4607 nostro
576 4569 629 4607 non
651 4554 752 4619 lateat,
769 4555 815 4610 sed
839 4557 925 4627 magis
977 4556 1089 4612 dicens:
1106 4554 1271 4610 Atriconrnic
1283 4565 1402 4609 mntnnm
1417 4555 1444 4609 in
1459 4555 1528 4608 robis
1542 4555 1700 4608 chomtnterrr
1712 4569 1769 4609 cos·

130 4645 281 4716 publicatus
295 4645 452 4708 decrescat,
468 4655 495 4698 et
507 4643 685 4701 fraternitatis
698 4645 725 4699 in
742 4647 821 4701 nobis
832 4663 925 4703 amore
976 4645 1079 4698 tionem
1093 4646 1216 4699 trolerrtcs
1232 4644 1257 4718 (1
1273 4643 1331 4700 Pet.
1347 4645 1396 4717 ιι).
1409 4644 1476 4700 ilinc
1489 4644 1589 4699 Paulus
1604 4645 1663 4699 ait·
1680 4641 1769 4697 Chari-

131 4748 270 4794 crescente
287 4740 393 4808 penitus
412 4747 563 4793 evanescat.
591 4739 747 4794 Cavendum
769 4748 810 4795 est
834 4751 924 4797 autem
976 4744 1016 4790 lot
1030 4736 1204 4805 protermines
1227 4747 1330 4791 inerant
1351 4737 1378 4791 in
1400 4736 1471 4791 nolis
1491 4734 1569 4808 (Hei.
1588 4734 1661 4802 ιιιι).
1686 4733 1767 4788 Debet

42 4814 46 4820 ’
131 4844 302 4897 summopere
316 4831 474 4893 monachis,
490 4830 561 4885 nelo
579 4831 662 4886 corde
683 4832 798 4887 tenendo
819 4831 922 4898 dolum,
975 4841 1040 4896 ergo
1056 4843 1166 4883 nrauere
1179 4835 1206 4881 et
1224 4842 1383 4897 permanere
1398 4842 1459 4881 cunr
1483 4825 1547 4883 liliis
1568 4825 1618 4880 Dei
1638 4823 1765 4887 charitas,

130 4920 246 4992 perdant
260 4920 438 4975 habitatorem
453 4921 582 4990 Spiritum
607 4930 740 4975 sanctum.
766 4921 922 4976 Cavendum
975 4927 1005 4972 ut
1018 4927 1047 4973 ct
1059 4919 1085 4972 in
1100 4920 1225 4988 prasenti
1241 4917 1408 4971 voluntatem
1422 4915 1469 4970 Dei
1483 4931 1530 4971 eos
1549 4914 1642 4973 iacere
1663 4915 1765 4976 doceat,

131 5025 167 5064 ue
181 5010 306 5065 desinant
326 5026 385 5065 esse
405 5012 522 5081 Spiritus
536 5013 623 5067 saneti
638 5013 778 5081 templum,
803 5024 830 5069 et
843 5014 921 5079 stant,
974 5020 1002 5066 et
1015 5026 1075 5065 carm
1087 5010 1140 5064 illis
1149 5008 1264 5064 feliciter
1277 5009 1303 5063 in
1315 5017 1447 5064 aeteruum
1459 5015 1627 5078 permaneat.
1643 5004 1766 5062 Charitas

131 5099 255 5154 habendo
269 5100 374 5164 rlolurn,
401 5103 530 5158 demonis
553 5104 744 5159 habitaculum.
770 5104 828 5160 Non
849 5107 922 5161 enisu
973 5112 1016 5158 est
1037 5102 1110 5156 enim
1128 5109 1201 5155 recta
1215 5099 1340 5154 voluntas
1355 5099 1450 5169 juncta
1463 5098 1534 5162 Deo,
1558 5105 1587 5151 et
1601 5091 1766 5165 inseparati

130 5191 232 5264 proterit
246 5206 294 5244 eor
305 5206 387 5244 rurum
401 5192 543 5248 Doarimm
554 5196 672 5251 retinere
686 5195 766 5250 sinrul
781 5202 808 5249 et
818 5196 921 5250 dolum.
974 5194 1035 5250 liter
1046 5193 1120 5248 nnita
1139 5195 1201 5265 igne
1214 5192 1331 5261 quodam
1345 5190 1463 5261 Spiritus
1472 5187 1579 5247 sancti:
1601 5204 1617 5240 a
1629 5201 1684 5258 quo
1695 5192 1723 5240 et
1734 5180 1765 5242 st

131 5279 191 5337 Non
210 5281 282 5335 caim
296 5281 425 5336 Dominus
440 5284 544 5350 dolosa,
570 5286 615 5340 sed
636 5287 789 5341 innocentia
803 5289 922 5357 possidet
973 5300 1054 5355 quern
1077 5285 1195 5339 retertur
1215 5285 1327 5338 incensa
1351 5279 1563 5352 inquinamentis
1581 5277 1710 5334 omnibus
1721 5288 1765 5330 cxv

130 5372 224 5428 corda.
238 5370 295 5425 Non
308 5372 369 5426 dolo
387 5373 526 5443 pollutam,
541 5377 588 5431 sed
600 5377 771 5445 innocentem
787 5387 814 5433 et
826 5392 922 5448 puram
975 5386 1081 5442 trauca,
1097 5376 1236 5444 corrumpi
1254 5374 1357 5438 nescia,
1384 5373 1449 5428 nrrlli
1463 5372 1529 5426 ritio
1540 5369 1671 5432 obnoxia,
1685 5377 1764 5436 supra

130 5462 217 5535 diligit
231 5465 359 5521 animam.
387 5467 462 5521 Unde
480 5482 591 5523 necesse
606 5478 648 5524 est
662 5480 690 5523 ut
712 5468 880 5525 dinrittarnns
893 5470 920 5524 ia
972 5470 1065 5524 omnia
1086 5483 1146 5536 qnae
1167 5466 1315 5521 carnaliter
1329 5465 1480 5535 diliguntur
1499 5461 1627 5526 excelsa,
1644 5455 1763 5514 allectio·

130 5555 212 5609 corde
223 5563 314 5610 tenere
326 5556 426 5620 derium,
439 5567 465 5612 et
477 5558 612 5613 discamus
625 5570 654 5613 ut
669 5562 846 5629 nosmetipsos
861 5559 921 5614 dili·
971 5575 1036 5614 nuru
1051 5557 1171 5613 omnium
1192 5555 1392 5626 potentissima,
1416 5554 1513 5608 divinae
1526 5546 1762 5622 contcnrplatiouis

131 5655 194 5711 ΨΘ
207 5645 362 5713 Dimittis,
386 5657 416 5703 ut
429 5657 457 5706 et
471 5650 498 5705 in
513 5654 640 5721 praesenti
659 5654 755 5708 saccnlo
767 5668 919 5707 rnercamur
970 5651 1059 5714 arida,
1083 5649 1110 5704 in
1132 5649 1259 5705 onruibus
1285 5662 1393 5717 semper
1410 5646 1524 5712 inricta,
1549 5643 1625 5699 salus
1646 5655 1761 5706 morunt,
