3810 6120
130 338 186 400 gis
853 326 910 384 ild
930 324 1043 383 REGPA.
1712 323 1765 384 916

129 472 188 514 suus
199 453 282 510 uitam
293 455 437 523 praeparat,
451 446 623 521 diligentibus
642 460 672 504 se
688 443 823 516 iustitiam
840 443 959 507 mini-A
998 442 1084 516 liilige
1096 457 1173 514 ergo,
1188 456 1246 509 rex,
1261 441 1332 498 hane
1343 439 1522 498 clarissimam
1534 441 1690 515 regiamque
1708 447 1766 504 vif.

128 553 210 609 strat,
222 541 376 598 amantibus
388 555 417 595 se
429 539 600 610 prudentiam
621 537 723 594 donat:
745 536 791 608 qui
806 534 923 591 tenuerit
974 543 1069 600 tutem,
1094 549 1155 606 quae
1176 533 1225 589 tlbi
1247 534 1321 605 regni
1345 535 1568 606 gubernationem
1589 536 1766 609 disponat,et

128 637 212 698 illam,
227 633 313 688 sitam
326 629 495 687 hereditabit
508 636 652 694 aetemam3
668 626 755 699 diligit
768 626 840 682 enlm
851 626 922 680 Deus
971 626 1161 682 discretionem
1187 626 1301 681 aetionis
1329 624 1470 691 eonserat3
1494 642 1555 696 quos
1579 628 1626 684 tibi
1653 645 1765 701 gressus

129 728 207 787 illurn
227 727 273 798 qui
303 724 392 795 diligit
415 721 584 794 sapientiam.
599 718 629 776 ln
645 718 793 775 tentatione
802 716 923 772 ambulat
970 718 1060 789 operis
1073 717 1180 788 dirigat,
1204 725 1232 772 et
1254 717 1425 789 cogitationis
1446 727 1523 774 aetus
1543 719 1683 789 disponat;
1704 737 1765 792 quae

129 834 191 875 eum
204 831 246 881 eo,
258 822 284 872 et
297 815 325 870 in
342 811 438 885 primis
456 812 531 884 eligit
540 826 614 876 euru,
624 818 652 865 et
664 809 782 865 firmabit
797 808 883 874 illum,
894 816 922 863 et
970 805 1020 859 tibi
1030 804 1132 875 regiam
1145 804 1318 874 prolibusque
1330 803 1474 859 secundam
1486 805 1610 872 aediiieet,
1635 816 1663 862 et
1683 809 1768 864 aedi·-

83 948 91 971 .
130 907 184 964 iter
202 906 319 962 adducet
340 903 472 960 disemum
492 894 526 958 a'd
547 900 633 967 illum,
655 907 684 957 et
698 898 845 957 denudabit
861 900 922 955 aba·
971 896 1077 952 beatam
1098 897 1223 963 roboret;
1246 910 1307 965 quae
1320 896 1368 952 tibi
1388 906 1547 952 ornamenta
1566 899 1697 955 uirtutum
1718 915 1765 956 eu-

130 1013 212 1057 couss
235 1012 284 1052 sua
308 995 355 1060 illi,
375 1001 403 1050 et
422 992 589 1050 thesaurizat
600 1006 682 1063 super
693 990 767 1047 illum
778 989 921 1046 scientiam
970 989 1098 1060 piamque
1111 990 1247 1044 ministret
1263 997 1292 1043 et
1312 1002 1418 1056 rerum;
1438 1005 1498 1059 quae
1512 991 1560 1047 tibi
1584 993 1661 1065 regni
1679 1008 1764 1050 aornu

130 1098 159 1147 et
169 1087 337 1145 intellectum
349 1083 508 1157 prudentie.
971 1078 1107 1146 sublimet,
1131 1089 1159 1135 et
1177 1079 1288 1135 brachio
1310 1077 1495 1135 tortitudinem
1520 1081 1617 1147 donet;
1640 1098 1701 1153 que
1722 1096 1765 1141 on

287 1188 290 1195 ·
442 1173 555 1231 curba
574 1173 608 1229 l.
971 1176 1018 1224 tuo
1028 1168 1113 1241 legem
1125 1171 1248 1225 veriatis
1259 1169 1405 1231 ministret,
1420 1178 1448 1226 et
1457 1171 1534 1228 cordi
1545 1179 1590 1227 tuo
1600 1173 1764 1229 intellectum

422 1262 461 1318 lle
479 1262 629 1334 prudentia.
970 1260 1109 1332 sapientie
1131 1261 1304 1332 multiplicet;
1329 1277 1391 1332 quae
1409 1262 1457 1317 tibi
1477 1262 1622 1318 multarum
1644 1265 1765 1334 gentium

166 1356 232 1413 Post
248 1351 472 1411 illuminationem
492 1365 557 1421 ergo
572 1350 712 1420 sapientis
724 1351 922 1421 thesaurosque
971 1349 1039 1405 colla
1063 1336 1207 1421 subjiciat,
1234 1359 1261 1406 et
1287 1360 1313 1407 te
1344 1353 1449 1409 eunctis
1481 1353 1622 1408 arnabilem
1654 1355 1765 1422 reddat3

131 1440 263 1514 seleutias,
288 1452 398 1516 oportet
420 1443 494 1499 illum
519 1443 565 1514 qui
584 1443 659 1515 cupit
683 1443 785 1514 regiam
808 1442 922 1498 iclieiter
971 1453 1032 1510 quse
1058 1441 1229 1497 sermonibus
1252 1443 1307 1497 tuis
1329 1456 1441 1498 aureum
1464 1452 1655 1499 oruamentum
1680 1445 1767 1514 impo-

131 1553 243 1597 eurrere
264 1537 346 1603 riam,
372 1533 485 1590 Domino
506 1535 633 1600 donante,
652 1533 919 1603 irnpleriprudentia.
972 1538 1038 1595 nat,
1069 1538 1098 1586 et
1124 1538 1282 1598 argenteum
1308 1544 1406 1586 munus
1432 1530 1513 1587 labiis
1535 1532 1677 1598 conterat;
1706 1549 1767 1604 qua

131 1630 216 1702 liegia
235 1629 337 1685 etenim
353 1627 440 1681 uirtus
462 1633 504 1681 est
526 1625 679 1697 prudentia,
703 1632 763 1679 eta
785 1624 922 1694 prioribus
971 1621 1099 1693 operibus
1112 1620 1268 1695 tuisjugem
1282 1623 1443 1690 custodiam,
1468 1639 1617 1694 eougmam
1632 1624 1767 1682 ministret

131 1721 241 1790 regibus
265 1717 377 1773 nimium
399 1715 511 1780 dilecta;
535 1715 575 1770 sie
601 1713 672 1769 eninr
698 1712 732 1768 de
755 1712 839 1768 Dauid
858 1727 920 1783 rege
972 1715 1136 1787 etgloriam.
1429 1786 1437 1796 .

132 1810 263 1880 seriptum
282 1816 344 1862 est:
361 1805 552 1877 Eqrediebatatr
568 1820 670 1876 quoque
686 1805 721 1857 ad
743 1804 831 1887 anapia
851 1820 923 1874 qute-
937 1791 960 1850 Β
1278 1784 1392 1842 CAPUT
1415 1784 1459 1841 Ἢ·

133 1915 235 1971 esuque
258 1898 369 1952 misisset
392 1911 451 1950 eunt
475 1893 549 1958 Saul,
577 1904 602 1949 et
620 1894 762 1967 prudenter
785 1893 924 1964 serpebat
1249 1877 1287 1933 ⁰0
1310 1877 1488 1948 ⁸fmi’h'cl'i‘ii‘·

133 1987 161 2060 (l
174 1985 238 2058 lisa.
251 2001 327 2050 srrrr,
340 1984 378 2058 5).
390 1984 536 2041 Prudentia
546 1985 617 2041 enim
632 1985 709 2055 quasi
725 1985 923 2056 porrovidentia
1009 1989 1104 2062 llagna
1115 1999 1158 2046 est
1169 1989 1278 2061 quidem
1292 1990 1440 2061 pmdentiae
1457 1989 1546 2045 uirtus
1565 2007 1572 2043 ε
1592 1989 1640 2046 sed
1656 2005 1769 2047 necesse

133 2078 243 2135 dicitur.
269 2076 353 2132 Porro
371 2085 461 2132 aratam
482 2083 509 2131 et
528 2091 544 2131 a
567 2075 645 2147 longe
666 2076 807 2147 prouidere
819 2084 925 2147 oportet
973 2089 1014 2137 est
1026 2088 1056 2136 ut
1069 2080 1252 2151 simplicitatis
1263 2081 1363 2135 rirtute
1375 2086 1552 2152 temperetur.
1570 2079 1616 2136 Sic
1627 2080 1700 2136 euim
1714 2081 1767 2138 llo

133 2184 225 2242 regem
245 2169 309 2240 quid
335 2183 415 2240 agere
436 2168 542 2234 debeat,
557 2183 593 2224 ne
611 2177 672 2238 post
685 2176 775 2224 actum
792 2169 880 2241 egisse
894 2183 924 2225 se
973 2170 1063 2227 minus
1077 2171 1104 2227 in
1118 2171 1264 2244 Evangelio
1282 2171 1340 2240 ait:
1356 2169 1446 2226 Enete
1463 2173 1603 2242 prudenter
1623 2172 1691 2225 sieut
1713 2188 1767 2226 ser·

133 2259 580 2331 paeniteat.Omnianamquequae
594 2259 690 2330 agitet
710 2273 773 2330 erga
793 2258 878 2313 Deum
896 2267 924 2315 et
972 2271 1061 2335 pentes
1083 2272 1108 2317 et
1128 2261 1257 2333 simplices
1279 2261 1347 2316 sieut
1372 2260 1497 2316 columbe
1520 2260 1628 2333 (liattlr.
1654 2277 1683 2327 x,
1709 2261 1765 2334 lii).

133 2365 198 2422 erga
220 2349 362 2414 homines,
387 2349 535 2419 prudenter
553 2363 632 2419 ager-e
653 2348 732 2405 debet
754 2356 782 2405 et
801 2349 923 2419 provide.
973 2353 1172 2425 Ambulaergo,
1185 2353 1352 2409 nobilissime
1365 2368 1422 2418 rer,
1434 2354 1615 2410 deuirtrrtein
1627 2354 1766 2422 virtutem,

133 2439 229 2498 Omnia
245 2439 329 2511 juste,
348 2440 440 2496 omnia
454 2448 537 2506 reete,
560 2440 650 2495 omnia
667 2440 803 2512 sapienter
819 2448 847 2497 et
862 2456 923 2525 eum
973 2451 1002 2498 et
1017 2441 1121 2513 iugiter
1139 2443 1285 2514 proficiens
1296 2444 1323 2498 irr
1338 2443 1446 2510 melius,
1460 2444 1495 2499 ab
1509 2443 1606 2499 itinere
1618 2460 1671 2500 non
1686 2444 1769 2502 deeli-

132 2531 274 2604 pradentia
288 2544 399 2586 neeesse
415 2539 458 2585 εει
480 2539 509 2584 ιιι
531 2529 673 2597 lucianae
695 2531 766 2602 regis
785 2544 868 2602 opera
882 2531 925 2588 rel
973 2548 1023 2590 nes
1035 2535 1123 2605 regi03
1142 2533 1189 2589 sed
1209 2534 1243 2589 de
1258 2533 1403 2605 prudentis
1418 2533 1444 2588 in
1460 2533 1632 2605 simplicitate
1654 2534 1769 2590 tirmiter

133 2620 255 2687 consilia,
265 2629 295 2676 ut
305 2628 463 2676 eaeteromm
474 2621 624 2690 hominum,
644 2624 863 2694 reprehensionis
881 2640 924 2683 re-
974 2639 1044 2695 pooe
1060 2638 1193 2695 gressum.
1212 2623 1262 2678 llis
1286 2624 1360 2679 enim
1373 2624 1447 2695 regia
1461 2632 1503 2678 est
1517 2623 1686 2695 simplicitas,
1709 2633 1738 2681 et
1751 2631 1786 2679 a·

134 2713 236 2784 eiplant
256 2711 386 2786 linguam.
410 2712 461 2780 Qui
482 2713 555 2768 enim
577 2712 658 2768 multa
681 2714 926 2774 Dominodonaute
974 2712 1077 2768 εεεειίε
1090 2713 1199 2784 regrina
1217 2712 1366 2783 antiquitus
1383 2713 1492 2768 dilecta.
1508 2712 1655 2770 Laudabile
1668 2716 1768 2772 etenim

134 2803 275 2876 gubernat,
290 2818 403 2860 necesse
414 2811 455 2859 est
465 2811 497 2858 ut
506 2804 561 2860 alto
575 2805 688 2861 consilio
700 2807 848 2878 prudenter
858 2822 924 2864 cnu-
974 2804 1009 2861 de
1021 2794 1071 2861 iob
1084 2803 1210 2860 laudabili
1229 2805 1289 2859 uiro
1303 2802 1434 2859 Dominus
1452 2804 1498 2860 dat
1514 2807 1710 2874 testimonium,
1723 2805 1768 2862 di-

135 2903 181 2950 cta
196 2896 329 2966 disponat.
351 2894 397 2952 Sic
419 2895 489 2952 enim
509 2897 734 2967 prudentissimus
754 2897 881 2955 Salomon
896 2900 924 2956 in
974 2908 1040 2952 cens
1058 2894 1187 2951 diabolo:
1207 2893 1336 2966 Nunqaid
1366 2895 1537 2951 considerasti
1559 2912 1661 2951 seruum
1681 2913 1769 2951 nesrn

134 2986 289 3045 Proverbiis
305 2989 362 3044 ait:
379 2987 432 3055 Qui
444 2988 546 3060 sapiens
559 2998 607 3054 est,
623 2988 707 3044 muita
722 2990 848 3062 gubernet
862 3008 926 3062 prs-
975 2986 1038 3056 Joi,
1050 2988 1120 3062 quod
1135 3005 1186 3044 nen
1200 2989 1233 3044 sit
1245 2990 1269 3044 ei
1280 2987 1373 3043 sinaitis
1390 2989 1417 3045 in
1436 2989 1604 3054 terrebatur
1623 2988 1733 3060 simplex
1744 2999 1769 3046 et

135 3080 235 3135 dentis.
255 3079 321 3136 ltem
333 3081 390 3151 ipse
403 3081 442 3135 ait
456 3098 462 3133 :
478 3079 613 3150 Sapientia
632 3079 808 3149 edificabitur
819 3081 931 3149 damur,
975 3089 1062 3134 rectus
1073 3079 1206 3132 netimeas
1219 3075 1314 3143 Deum,
1326 3087 1350 3132 et
1362 3077 1482 3132 recedens
1495 3095 1512 3132 a
1524 3079 1594 3133 malo
1608 3078 1669 3151 (lob
1695 3094 1715 3144 r,
1727 3078 1768 3150 8).

135 3180 160 3226 et
178 3169 318 3241 prudentia
342 3169 507 3225 roborabitur
529 3166 620 3241 (Pron.
640 3184 721 3235 xxm,
744 3169 782 3242 5).
807 3168 923 3227 Grandis
937 3137 959 3199 C
975 3169 1014 3226 lle
1036 3169 1128 3242 lloyse
1149 3185 1256 3240 quoque
1281 3168 1421 3240 Scriptura
1445 3176 1639 3224 commemorat
1652 3169 1766 3225 dicens:

137 3263 210 3320 euim
224 3264 310 3319 uirtus
320 3270 372 3329 est,
386 3263 502 3320 maxime
514 3261 541 3316 in
555 3270 664 3333 pectore
675 3262 756 3333 regis,
769 3264 922 3332 prudentia,
976 3259 1043 3315 Erat
1060 3261 1214 3316 mitissimus
1233 3275 1313 3330 super
1334 3277 1422 3315 omnes
1437 3259 1554 3315 nomines
1571 3260 1616 3332 qui
1630 3259 1771 3317 morabatu-

137 3370 199 3426 quae
212 3363 308 3411 cuncta
329 3355 475 3425 prudenter
492 3368 574 3425 regua
596 3354 667 3425 regit
683 3362 765 3425 atque
781 3356 923 3428 gubernat.
975 3358 1020 3404 tur
1030 3337 1057 3405 i'n
1072 3360 1143 3405 terra
1161 3349 1256 3421 (Nam.
1271 3365 1320 3413 ιιι,
1334 3349 1373 3420 5).
1390 3348 1552 3421 specialiter
1572 3363 1688 3418 namque
1703 3348 1772 3406 liber

136 3443 282 3502 Prudentia
304 3459 419 3515 namque
438 3452 626 3500 ornamentum
648 3454 689 3502 est
703 3446 824 3502 omniunt
838 3448 924 3503 uirtu—
976 3439 1122 3511 Sapienliae
1143 3440 1252 3511 regibus
1280 3454 1427 3511 regumque
1454 3439 1587 3494 ministris
1614 3440 1714 3494 climat
1743 3449 1772 3497 ei

137 3543 206 3603 tum,
219 3536 304 3608 gloria
316 3536 391 3592 verbi
404 3536 538 3606 decusque
554 3537 698 3601 sermonis,
714 3536 784 3592 sieut
795 3537 926 3609 seriptum
976 3532 1041 3588 dieis
1057 3548 1064 3584 ι
1084 3529 1191 3600 Diligite
1201 3529 1346 3599 justitiam,
1364 3529 1544 3602 ιιιιίἰιιάίθαιῐι
1557 3539 1664 3596 ‘etiamn
1677 3531 1770 3585 “ibit
1792 3548 1800 3573 ¹

138 3632 204 3682 est:
229 3624 416 3680 Ornamentum
438 3641 547 3679 aureum
573 3623 708 3695 prudentis
733 3626 873 3693 doctrina,
903 3635 927 3682 et
975 3621 1008 3675 de
1020 3620 1169 3675 Paminoin
1181 3620 1305 3686 bonitate,
1325 3628 1350 3674 et
1368 3619 1397 3675 in
1410 3619 1576 3691 simplicitate
1593 3619 1680 3675 cordis
1697 3637 1768 3692 qua·

139 3717 217 3789 quasi
238 3713 369 3771 braeniuie
390 3716 418 3770 in
442 3715 547 3770 braelrio
566 3715 658 3769 deutra
679 3714 848 3784 (licelinus,
869 3716 925 3790 il).
977 3714 1026 3767 rite
1039 3709 1122 3776 itinn,
1134 3712 1422 3784 quoniam'inaertietur
1440 3711 1472 3766 ab
1493 3713 1533 3767 bis
1547 3712 1591 3784 qui
1605 3723 1770 3769 sustentant

137 3806 283 3863 Prudentia
298 3815 390 3862 eustos
403 3813 444 3863 est
463 3809 530 3872 oris,
550 3806 709 3877 gubernatio
720 3807 845 3874 actionis,
860 3816 928 3863 tem-
977 3804 1052 3859 illum
1073 3804 1150 3877 (Sap.
1171 3822 1192 3873 r,
1207 3804 1244 3878 l).
1260 3805 1429 3862 Generaliter
1444 3814 1533 3861 auteur
1548 3814 1577 3862 et
1589 3806 1623 3863 de
1644 3807 1770 3862 omuibus

137 3894 263 3967 perantia
291 3893 400 3960 cordis,
431 3894 581 3950 moderatio
608 3894 723 3967 linguae,
754 3897 929 3968 omniumque
978 3896 1080 3952 sanctis
1099 3894 1225 3951 Salomon
1249 3897 1276 3951 iu
1296 3896 1452 3952 Proverbiis
1468 3898 1527 3952 ait:
1549 3896 1708 3968 Simplicitas
1725 3898 1770 3971 ja·

139 3991 240 4040 statera
261 3984 404 4040 verborum
427 3992 455 4040 et
475 3985 634 4055 ponderatio
658 4000 759 4041 rerum.
788 3985 833 4043 Sic
855 3988 929 4044 euim
978 3995 1078 4042 storum
1094 3987 1187 4057 diriget
1202 4003 1245 4041 eos
1260 3985 1350 4059 (Pron.
1366 4003 1404 4053 ιι,
1416 3988 1455 4058 ὅ).
1473 3987 1525 4053 Qui
1541 3989 1657 4043 ambulat
1669 3988 1769 4060 simpli·

140 4074 341 4151 scriptumest:
366 4073 447 4130 Verbo
458 4075 625 4147 prudentium
645 4075 673 4130 in
689 4084 786 4132 statera
800 4078 929 4149 pondera-
979 4078 1052 4144 aiter,
1067 4077 1153 4132 saluus
1168 4077 1217 4131 erit
1228 4075 1321 4150 (Prot.
1335 4093 1432 4144 xxvrrr,
1447 4078 1502 4140 l8).
1518 4077 1617 4133 Paulus
1629 4091 1694 4133 tero
1708 4079 1768 4134 ait:

140 4170 239 4224 buntur
255 4167 348 4241 (luta,
366 4185 390 4223 s.
408 4168 464 4243 28).
479 4168 578 4225 lterum
602 4169 732 4240 seriptum
750 4171 930 4225 estadnran
985 4164 1049 4221 Volo
1069 4183 1113 4222 ecs
1133 4167 1262 4238 sapientes
1273 4183 1328 4222 esse
1338 4167 1366 4221 in
1380 4166 1457 4234 bono,
1476 4177 1501 4223 et
1519 4168 1647 4239 simplices
1659 4169 1687 4224 irs
1699 4169 1769 4224 mata

114 4322 122 4340 κ
141 4269 217 4313 tuum
228 4266 401 4330 nungentum
419 4269 493 4313 turam
506 4261 601 4329 confla,
624 4270 649 4314 et
666 4261 749 4314 uerbis
768 4261 819 4314 tsis
834 4261 877 4332 [aa
889 4277 931 4316 os-
980 4258 1069 4330 (Ram.
1083 4276 1140 4326 arr,
1155 4259 1210 4333 19).
1227 4260 1312 4316 Debet
1327 4260 1426 4315 etenim
1438 4260 1584 4317 electorum
1605 4261 1686 4316 corda
1701 4277 1768 4333 pra·

141 4347 219 4414 tiela,
232 4358 256 4402 st
269 4348 356 4419 frenas
371 4349 411 4402 ori
420 4357 464 4402 tuo
479 4347 660 4412 restostEceii.
675 4364 770 4415 ιιιιίιι,
784 4349 841 4416 29„
858 4350 929 4404 liur-
980 4350 1071 4406 dentis
1094 4349 1122 4406 iu
1143 4351 1244 4406 bouum
1264 4350 1363 4421 iugiter
1377 4366 1484 4416 acuere,
1504 4360 1531 4407 et
1555 4351 1713 4421 simplicitas
1735 4354 1770 4409 ab

142 4451 203 4492 suar
219 4437 349 4507 seriptum
363 4443 422 4492 est:
442 4437 520 4507 Aperi
543 4453 572 4492 os
594 4446 668 4491 tuum
691 4447 773 4502 nruta,
795 4447 819 4492 et
843 4439 930 4494 eaesis
943 4475 969 4536 D
982 4440 1105 4496 acumine
1119 4440 1270 4512 pmdentiae
1284 4441 1439 4511 temperari,
1455 4456 1489 4496 ne
1502 4449 1549 4496 aut
1560 4441 1701 4511 pmdentia
1712 4457 1769 4501 uro-

143 4529 260 4584 ennium
284 4528 399 4598 filiorum
421 4529 464 4599 qui
491 4536 682 4599 pertranseant,
704 4528 777 4598 aperi
797 4545 826 4584 as
845 4537 930 4596 tuum,
983 4531 1046 4585 dum
1061 4531 1231 4588 rectitudinis
1247 4532 1368 4598 excedat,
1382 4540 1429 4586 aut
1442 4532 1599 4604 simplicitas
1613 4532 1771 4604 ignorantia

143 4620 253 4675 decerne
264 4620 333 4691 quod
347 4621 451 4690 justum
471 4628 518 4684 est,
534 4630 558 4674 et
567 4620 662 4689 judica
682 4621 783 4690 inopem
798 4629 823 4676 et
834 4638 931 4693 paupe·
982 4617 1088 4672 fallacia
1102 4627 1247 4689 torpescat.

144 4727 200 4765 rens
213 4707 303 4782 (Pron.
315 4725 391 4776 rrxr,
404 4710 443 4781 8).
463 4709 533 4774 Quia
554 4711 586 4765 de
604 4710 692 4781 (metu
715 4710 770 4765 oris
793 4713 834 4766 sui
855 4728 935 4769 unus·
1018 4706 1104 4779 liegla
1116 4708 1216 4764 etenim
1227 4709 1271 4764 ria
1286 4719 1328 4766 est
1343 4710 1512 4781 simplicitas,
1526 4725 1586 4783 quae
1600 4713 1772 4785 regumslm·

143 4798 401 4872 gsisqsereplebr'tur
414 4799 498 4864 banis,
512 4808 536 4853 et
544 4799 625 4870 justa
643 4815 721 4869 opera
735 4816 860 4854 manuum
871 4818 933 4856 sua·
982 4796 1090 4867 pliciter
1108 4798 1200 4870 dirigit
1219 4814 1338 4872 gressus,
1360 4809 1391 4856 ut
1412 4801 1447 4855 ad
1470 4801 1601 4870 eoelestia,
1626 4818 1675 4874 per
1696 4804 1770 4877 regia

144 4905 205 4943 rum
222 4889 381 4943 rnriluetar
393 4890 417 4943 ei
429 4888 520 4962 (Pron.
534 4904 584 4956 ιιι,
600 4889 655 4956 ιι).
669 4889 813 4947 llalaclrias
826 4906 934 4962 quoque
982 4890 1135 4959 gradientes
1147 4889 1256 4958 itinera,
1274 4890 1390 4946 feliciter
1404 4893 1566 4961 perueniant
1578 4909 1670 4967 regua.
1686 4893 1771 4950 Gurre

143 4992 178 5035 er
192 4992 307 5048 persons
330 4978 435 5034 bomiri
452 4996 459 5032 :
476 4978 575 5046 Deleri,
598 4979 694 5049 inquit,
709 4991 814 5052 parturn
836 4997 933 5048 meam,
983 4995 1060 5052 ergo,
1084 4995 1143 5049 rer,
1167 4981 1282 5038 tirmiter
1297 4997 1347 5052 per
1368 4982 1547 5054 simplicitatis
1570 4986 1679 5053 itinera,
1693 4994 1723 5041 ut
1736 4986 1771 5042 sd

145 5072 215 5142 quod
229 5072 279 5141 [stit
291 5088 351 5127 ειειι
365 5088 406 5139 eo,
418 5074 477 5128 aitte
498 5082 523 5128 et
545 5073 628 5146 pa'cis,
647 5083 671 5128 et
692 5074 753 5128 dedi
766 5075 790 5130 ei
803 5076 933 5141 timorem,
984 5091 1129 5147 perennem
1148 5077 1228 5132 eitius
1242 5077 1383 5146 peruenias
1396 5077 1489 5144 vitam,
1510 5086 1539 5134 et
1559 5078 1771 5136 immortalitatis

145 5170 170 5215 et
184 5161 271 5215 timuit
285 5178 337 5228 me,
353 5171 404 5216 eta
418 5161 486 5231 faeie
501 5163 612 5218 nominis
631 5164 681 5217 orei
691 5164 810 5235 ρειειιει.
823 5163 877 5218 dea
888 5180 933 5218 se·
984 5165 1039 5221 cito
1053 5166 1169 5235 accipias
1181 5167 1302 5236 praemia,
1323 5175 1353 5222 et
1364 5167 1432 5224 stola
1452 5169 1573 5227 induaris
1586 5171 1661 5242 pacis
1673 5178 1701 5226 et
1713 5168 1771 5240 glo·

146 5253 234 5308 ιιιειίε
246 5253 298 5323 suit
307 5254 336 5306 in
350 5268 394 5307 ore
403 5253 471 5324 ejus,
486 5261 511 5307 et
530 5253 654 5325 iniquitas
665 5269 716 5308 ιιειι
730 5263 767 5309 ιιι
784 5254 888 5310 intesta
906 5253 934 5308 in
985 5258 1043 5314 riae.

147 5341 224 5396 taliis
237 5342 305 5414 ejsts,
322 5344 423 5413 inpaee
435 5344 498 5400 etin
512 5346 643 5416 equitate,
662 5344 803 5401 ambularit
821 5362 932 5410 ειεειιιιι,
1259 5330 1394 5391 CAPUT
1424 5335 1497 5392 Vll·

147 5443 172 5488 et
183 5433 278 5489 ειιιιιει
290 5435 381 5489 auertit
403 5435 435 5489 ab
454 5436 590 5507 iniquitate
601 5435 728 5508 (Hulacln
741 5451 771 5501 rr,
785 5435 824 5508 5).
835 5434 934 5493 Paulus
1284 5421 1324 5476 ⁰⁶
1336 5426 1472 5494 patientia.

148 5525 182 5580 ad
194 5525 369 5583 colossenses
383 5524 431 5600 (rr,
453 5527 481 5600 ti)
502 5528 540 5583 ait
551 5543 559 5581 ε
571 5526 661 5584 &sno
683 5539 765 5584 ueste
784 5520 885 5601 seraper
907 5531 936 5584 in
1023 5531 1119 5588 Transi
1137 5532 1246 5602 ircmm,
1261 5550 1318 5603 rer,
1334 5537 1366 5592 de
1387 5536 1484 5591 virtute
1499 5532 1525 5587 in
1541 5532 1680 5598 virtutem,
1692 5542 1722 5590 et
1735 5531 1772 5588 de
1884 5552 1888 5559 ·

149 5616 236 5686 gratia
248 5615 304 5671 sale
318 5618 353 5672 sit
365 5618 495 5685 conditas,
510 5629 537 5674 ut
550 5620 639 5675 sciatis
650 5620 756 5690 quanda
766 5629 881 5692 oporteat
893 5637 935 5676 aas
987 5621 1160 5693 simplicitate
1188 5625 1215 5680 in
1242 5625 1398 5695 patiendam
1424 5620 1538 5677 feliciter
1550 5636 1620 5692 pane
1645 5622 1769 5693 gradum.

152 5708 292 5780 animique
304 5709 466 5779 respondere.
988 5712 1099 5770 Posside
1110 5714 1276 5785 patientiam,
1301 5713 1329 5768 si>
1346 5712 1387 5767 ris
1410 5721 1483 5766 tuam
1497 5709 1612 5765 dulciter
1632 5713 1772 5783 possidere
