3810 6120
128 104 184 165 stt
646 107 824 167 mansur.
843 110 878 167 tn
898 110 979 169 ene.
999 112 1030 171 s.
1048 102 1241 175 effluerent.
1709 128 1764 189 aas

129 226 331 293 mendmus.
354 226 422 283 tetes
441 223 509 281 iacit
529 226 707 283 mansuetudo
721 226 860 298 pacitlcos.
881 226 922 282 llli
936 231 962 291 Α
974 244 1035 287 raus
1047 234 1254 304 quiaquantum
1264 237 1501 309 mammaeae
1510 244 1673 303 ohslimda
1684 260 1762 305 arms

129 336 182 397 per
197 317 353 390 superbia
368 330 420 387 pro
433 315 491 371 ruis
507 310 656 372 mannen
670 316 794 389 litigant,
809 318 854 373 isti
875 334 924 388 per
974 322 1121 381 laetissima
1133 338 1197 383 sunt
1208 329 1235 384 in
1244 332 1412 401 operatione,
1421 340 1528 391 tantum
1537 334 1668 407 praetere
1682 348 1766 396 erum

130 410 315 470 bumilitatem
341 408 411 464 alter
435 407 550 462 alterum
575 408 733 463 existimant
757 410 924 478 seeperiorem
974 413 1002 469 in
1017 425 1117 472 eterna
1139 424 1368 481 remuneratione.
1391 426 1568 497 thuantum
1582 429 1610 485 in
1629 432 1765 488 exercita-

130 504 194 561 sllti.
211 502 266 575 Fer
277 502 338 557 illes
352 500 498 572 Babylonia
515 502 628 571 regitur,
644 518 692 573 per
704 503 808 558 istoset
819 504 846 557 ia
858 503 925 559 istos
975 507 1049 563 tione
1068 512 1208 578 praesentis
1229 512 1292 569 ritu
1314 514 1415 572 luerint
1434 517 1598 585 lortissiena,
1615 530 1721 578 tratrem
1735 522 1765 578 in
1819 517 1821 521 ’

131 594 281 651 enontno
296 590 447 648 Jerusalem
463 593 582 649 caelestis
597 594 812 649 administratur.
826 594 926 651 ililites
976 598 1065 656 lutura
1075 605 1169 674 requie
1179 614 1259 660 eruat
1269 608 1410 676 praeclara.
1423 610 1560 678 Quantum
1575 612 1602 667 ia
1612 613 1654 667 ria
1667 629 1766 684 aspera

131 685 225 743 ΜΗ
241 685 407 756 Fl⁰⁸i³0¹li²⁸
417 683 534 748 emilii»
546 684 696 738 adversim
710 683 811 751 dejicit,
826 684 926 739 milites
976 700 1004 747 et
1020 695 1243 763 granatensem
1267 699 1294 754 ia
1314 703 1490 771 perventione
1507 711 1586 759 amnt
1607 720 1713 761 ammae
1736 715 1765 762 et

131 788 225 835 entem
241 778 290 833 net
307 777 365 832 atre
383 776 410 830 in
429 775 611 840 adversitate,
629 775 687 831 sne
703 775 730 831 tn
745 776 926 845 prosperitate
976 781 1055 837 teria
1071 784 1206 851 euentum
1222 788 1249 843 tn
1263 791 1389 859 praesenti
1403 792 1540 861 ammeta,
1559 802 1666 849 tantan
1679 795 1707 848 tn
1720 795 1764 849 tn-

132 871 287 928 immobiies
300 876 486 940 perseverant.
977 879 1039 929 turo
1059 884 1141 930 erunt
1155 876 1297 933 honorata.
1322 879 1516 937 Obedieutibus
1535 883 1607 937 enim
1621 884 1766 953 Apostolus

170 960 332 1018 obedientie·
350 961 495 1032 [onimium
508 971 585 1033 utque
596 962 726 1032 preclara
741 978 816 1017 erma
831 961 925 1016 reneis.
977 964 1016 1020 ait
1028 979 1036 1018 τ
1050 964 1149 1020 Mortui
1175 969 1244 1023 enim
1262 971 1344 1033 ertit,
1357 980 1382 1023 et
1397 971 1449 1025 tito
1465 982 1548 1026 restra
1561 972 1713 1027 abscondite
1727 982 1765 1027 est

131 1054 218 1111 tene
234 1054 307 1110 enine
317 1053 477 1109 obedientiae
489 1053 551 1108 idco
568 1051 715 1108 lectissima
728 1053 824 1109 beatus
841 1055 929 1109 nomi·
977 1072 1037 1111 cum
1059 1056 1162 1113 Cietirto
1176 1061 1203 1113 in
1221 1059 1286 1114 Deo.
1309 1059 1376 1115 Curre
1397 1063 1465 1116 enim
1481 1060 1601 1118 Clerirtus
1617 1065 1768 1135 apperuerit

132 1149 211 1207 sarit
222 1148 392 1211 Benedictus,
408 1149 472 1217 qnia
491 1163 587 1203 onenes
598 1149 730 1204 buneanos
747 1149 866 1215 labores,
879 1151 927 1221 uni
978 1146 1032 1200 rite
1047 1157 1141 1210 austra,
1156 1158 1219 1202 tanc
1234 1158 1258 1203 rt
1275 1166 1319 1204 ros
1340 1151 1498 1221 apparebitis
1511 1168 1570 1206 cane
1583 1151 1630 1206 iilo
1643 1153 1670 1207 ia
1683 1152 1768 1223 glorio

132 1240 287 1297 mutaris
309 1238 391 1304 dunt,
406 1239 567 1294 obedientiae
582 1238 659 1293 labor
678 1249 832 1310 exstiperat.
857 1241 928 1309 Quid
979 1233 1079 1303 (cotos.
1093 1237 1146 1306 trel.
1173 1239 1210 1292 lie
1224 1240 1318 1294 iisdem
1333 1240 1400 1310 ipsis
1412 1249 1440 1295 et
1453 1232 1583 1296 Dominus
1596 1242 1669 1297 butri
1682 1243 1765 1298 dicit:

133 1331 210 1389 mim
227 1329 325 1385 lortius
340 1342 401 1384 esse
416 1336 505 1398 potest
519 1344 599 1398 quam
614 1337 645 1384 ut
655 1344 685 1385 se
700 1330 825 1386 ternoex
840 1333 929 1386 omni.
979 1324 1071 1391 Pater,
1081 1344 1147 1398 gnos
1166 1328 1263 1383 dedisti
1275 1329 1348 1392 inibi,
1362 1330 1420 1383 eolo
1433 1339 1472 1395 st,
1485 1330 1529 1384 ttbi
1549 1346 1596 1400 ego
1607 1348 1677 1396 rum,
1688 1342 1713 1386 et
1726 1332 1769 1386 illi

133 1422 188 1479 bns
201 1436 311 1478 serviem
332 1419 414 1475 iaciat
428 1419 550 1474 homini?
560 1420 595 1475 Et
614 1427 655 1485 ut,
677 1436 740 1476 cum
756 1423 791 1476 sit
811 1422 882 1478 liber
902 1431 929 1477 et
978 1416 1031 1471 rint
1046 1433 1157 1481 merent,
1170 1428 1198 1471 at
1208 1417 1312 1474 uideant
1326 1419 1475 1474 claritatem
1495 1436 1589 1475 mum.
1607 1420 1641 1474 Et
1656 1438 1702 1492 ego
1715 1422 1770 1476 rie·

134 1512 296 1576 honoratus,
314 1512 389 1567 uelut
413 1511 466 1566 vile
491 1511 656 1582 mancipium
673 1514 885 1585 despectumque
897 1531 927 1570 sp
981 1506 1096 1571 ritatem,
1107 1524 1187 1577 greum
1200 1508 1295 1563 dedisti
1310 1510 1385 1574 anibi,
1398 1508 1459 1564 ucdt
1471 1512 1509 1565 eir
1527 1510 1619 1581 (loun.
1633 1512 1711 1581 stet).
1737 1513 1771 1566 Et

134 1602 376 1659 saumisealeibeat
385 1609 413 1658 et
423 1601 576 1671 abiectum3
588 1603 626 1658 ita
636 1612 666 1659 ut
678 1605 764 1660 dicat:
773 1605 831 1677 Fpo
841 1616 928 1661 uatem
943 1596 967 1655 Β
979 1613 1043 1653 enm
1067 1598 1197 1668 apostolis
1214 1600 1328 1654 andiunt
1339 1616 1346 1653 ι
1358 1600 1441 1655 Aeeten
1466 1602 1525 1655 dico
1539 1600 1611 1657 uobis
1629 1603 1700 1673 praed
1713 1618 1771 1667 ros,

133 1708 196 1750 erret
220 1695 326 1760 aerinis,
344 1703 369 1748 ei
396 1711 448 1748 non
473 1695 561 1759 bomo,
587 1695 754 1766 opprobriam
780 1698 927 1764 leomianus,
978 1689 1023 1759 atti
1038 1688 1179 1759 reliquitur
1195 1691 1295 1755 cornio,
1306 1701 1330 1744 et
1348 1691 1429 1747 menti
1443 1692 1505 1746 eatis
1519 1709 1569 1757 eree,
1585 1693 1613 1747 in
1629 1708 1768 1762 regenere-

132 1768 162 1839 ’4
186 1784 299 1854 abjectio
323 1782 415 1854 plebis.
435 1782 505 1850 Quid
520 1783 619 1841 lortius
637 1801 720 1856 quam
734 1795 764 1842 nt
785 1803 930 1858 percussus
979 1781 1049 1834 tione
1061 1781 1429 1837 tertiaederitFilinsleontinis
1440 1784 1466 1838 in
1477 1784 1771 1853 redenenjrstutirrue,

133 1870 165 1929 ltt
175 1873 284 1928 maxilla
295 1872 413 1943 praebeat
426 1874 522 1941 aliam;
536 1876 669 1931 auferenti
681 1878 799 1932 tunicam
811 1879 930 1934 diminuat
978 1870 1100 1926 ardebitis
1113 1882 1137 1925 et
1151 1889 1194 1927 uos
1207 1888 1286 1943 super
1298 1873 1435 1928 duodecim
1456 1876 1530 1929 aeder
1537 1876 1690 1944 jrtdicuntes
1702 1874 1770 1931 dao-

133 1963 300 2035 etpallium3
320 1964 475 2034 angariatus
498 1967 636 2034 milliario,
659 1969 740 2024 vadat
757 1979 785 2023 et
803 1970 872 2025 elue?
897 1970 932 2025 Et
979 1967 1062 2022 decim
1077 1968 1159 2022 tribur
1172 1968 1256 2022 lsrael
1270 1968 1378 2039 (blattis.
1393 1969 1462 2041 ιιι).

133 2053 166 2109 Ιιι
176 2054 221 2109 leis
231 2054 357 2109 eaenibns
369 2054 493 2125 gandeat,
510 2058 581 2125 qnod
594 2057 691 2127 dignus
706 2066 749 2112 est
760 2058 870 2113 babitus
880 2073 930 2128 pro
1015 2059 1153 2130 Inprimis
1166 2059 1330 2130 ntpeidqaid
1345 2059 1475 2130 egendum
1496 2059 1604 2113 inclinat
1618 2059 1723 2112 bonurn.
1740 2057 1770 2109 ln

134 2144 247 2200 nomine
261 2143 366 2198 Domini
383 2146 560 2202 contumelias
576 2147 643 2216 pati.
661 2147 730 2215 Qteid
741 2148 815 2203 enim
833 2146 930 2204 lortius
978 2151 1085 2223 primis,
1100 2151 1178 2206 idest
1193 2152 1219 2204 in
1233 2152 1311 2205 initio
1327 2152 1541 2207 conuersationis
1556 2151 1599 2205 rel
1620 2149 1772 2205 inclinatiu-

133 2243 184 2291 ant
200 2236 293 2291 durius
304 2251 365 2291 esse
376 2245 466 2306 potest
478 2253 560 2307 quam
575 2245 606 2291 nt
618 2237 700 2292 Ιιοιιιο
719 2237 822 2293 homini
835 2238 931 2294 solun-
980 2243 1023 2298 nis
1037 2242 1100 2297 boni
1115 2242 1205 2312 operis
1226 2242 1302 2296 dirit.
1327 2242 1443 2297 insidias
1456 2243 1527 2297 inter
1549 2249 1616 2297 teet
1630 2241 1771 2310 arationum

133 2328 247 2387 tariese
257 2329 284 2384 ia
295 2330 369 2384 omni
392 2330 490 2386 subdat
508 2330 682 2385 obedierunt
693 2338 721 2387 et
734 2331 817 2386 duras
826 2339 854 2386 ct
866 2347 931 2387 cnu-
980 2348 1133 2409 serpentem
1147 2353 1207 2395 esse
1221 2339 1349 2409 intellige,
1367 2338 1508 2392 erronaeltc.
1534 2337 1573 2391 ln
1590 2336 1671 2397 illins,
1684 2350 1772 2405 qeeaa·

134 2419 275 2475 Wlfflin
291 2420 349 2491 il)sa
365 2422 516 2477 ⁰bfflll⁰¹¹fi³
536 2422 672 2492 patienter
691 2422 778 2478 5¹¹²¹³⁸
798 2422 930 2477 iuslillffll
979 2440 1037 2487 tune
1060 2429 1198 2500 prevales,
1220 2430 1347 2484 naeinam
1369 2439 1481 2485 contere
1504 2436 1613 2499 crepula
1628 2429 1692 2498 qtria
1714 2428 1771 2492 ille,

133 2509 360 2583 itrjetriasiqnam
375 2522 406 2568 nt
421 2514 495 2569 oneni
519 2514 624 2569 uilitate
637 2522 666 2569 et
679 2514 850 2569 extremitate
865 2528 930 2567 con-
980 2529 1112 2590 quuntum
1131 2520 1256 2583 valuerit,
1272 2536 1324 2575 nen
1348 2522 1465 2575 cessabit
1487 2520 1610 2575 insidiari
1633 2519 1771 2574 caleaneo.

135 2614 230 2661 1111111ῑῦ
246 2607 291 2671 sit,
302 2614 330 2661 0²
340 2607 375 2662 ad
385 2607 477 2662 omnia
492 2622 553 2677 qnae
569 2607 607 2660 illi
619 2606 795 2677 injunguntur
805 2612 928 2674 paratas,
981 2610 1057 2665 Tune
1078 2611 1149 2666 enim
1165 2610 1314 2679 prudenter
1336 2618 1417 2678 caput
1440 2609 1576 2679 serpentis
1602 2607 1730 2669 conteris,
1748 2606 1772 2660 si

134 2697 348 2753 ”omnibusse
367 2698 522 2753 ittleriorem
535 2698 697 2754 civilitatem
710 2712 764 2752 nen
781 2695 929 2751 solumsua
980 2702 1087 2758 initium
1107 2701 1184 2756 make
1204 2700 1385 2771 suggestionis
1409 2698 1467 2769 ejus
1487 2714 1537 2754 nce
1560 2697 1706 2761 coruscatis,
1722 2710 1772 2750 nee

134 2788 230 2861 bagua
252 2789 424 2858 pronuntiet,
448 2792 495 2845 sed
517 2791 601 2845 etiam
622 2790 704 2846 corde
724 2788 877 2844 existimet?
902 2797 931 2843 et
980 2792 1133 2861 resipisci
1152 2791 1176 2845 si
1199 2791 1345 2861 cogitando
1359 2789 1468 2858 recipis,
1484 2788 1640 2843 meditando
1654 2801 1708 2843 non
1722 2801 1772 2840 nu-

135 2879 292 2949 triticunque
306 2878 396 2944 luerit,
410 2880 511 2935 sederit
528 2879 570 2935 vel
584 2879 738 2943 ambularit,
753 2877 884 2933 inclinato
895 2878 930 2932 sit
982 2882 1042 2937 tris.
1061 2882 1117 2948 lile,
1133 2882 1256 2951 innuant,
1267 2889 1350 2953 caput
1360 2880 1494 2949 serpentis
1508 2877 1773 2944 terraconensem

135 2980 248 3039 semper
259 2969 348 3038 capite
362 2977 391 3024 et
402 2969 462 3024 tisis
474 2985 581 3039 semper
591 2970 618 3023 in
631 2980 731 3024 terram
740 2968 841 3034 ocelim
854 2985 931 3024 renna
944 2941 968 3007 C
982 2972 1169 3043 suggestiones
1190 2969 1248 3039 eins
1271 2985 1323 3025 nec
1335 2969 1480 3040 cogitando
1495 2969 1623 3031 rnneinat,
1639 2982 1689 3022 nee
1701 2966 1774 3023 dele·

82 3098 87 3103 -
135 3074 169 3117 se
193 3060 227 3116 dc
248 3061 367 3131 peccetis
386 3061 443 3115 suis
457 3061 595 3115 existimet
616 3058 865 3122 dicens:l)omiae,
878 3072 931 3111 nore
981 3064 1081 3117 nando
1103 3060 1194 3127 soret,
1213 3076 1264 3117 nec
1288 3059 1444 3116 meditando
1468 3059 1569 3123 nutrit,
1590 3073 1640 3113 nec
1660 3071 1775 3113 consen-

134 3166 199 3209 sum
210 3151 308 3222 dignus
321 3151 441 3222 aspicere
457 3158 484 3204 et
498 3151 591 3206 ridere
606 3149 777 3204 altitudinem
794 3147 855 3203 eoeli
875 3162 932 3217 prae
981 3154 1091 3218 tiendo,
1108 3168 1159 3208 nce
1187 3154 1330 3208 nutriendo
1355 3152 1389 3206 ad
1415 3152 1519 3221 peccati
1545 3149 1773 3220 perpetrationem

136 3242 280 3315 injustitiis
303 3243 380 3297 meis.
406 3242 552 3296 Videamus
576 3257 626 3296 eur
648 3241 744 3296 beatius
769 3239 931 3295 Benedictus
980 3245 1115 3313 perducit.
1130 3245 1165 3298 Et
1177 3246 1229 3298 tuoe
1242 3245 1322 3298 modo
1333 3243 1379 3313 qui
1395 3251 1477 3312 caput
1489 3243 1624 3312 serpentis
1646 3241 1772 3306 conterit,

136 3334 298 3391 obedientie
311 3350 386 3390 arma
401 3334 551 3390 fortissima
565 3334 665 3389 dixerit
688 3344 769 3403 atque
790 3332 929 3403 preclara.
982 3343 1068 3392 totum
1082 3352 1097 3390 a
1112 3351 1142 3391 se
1163 3336 1263 3391 diaboli
1289 3350 1387 3405 corpus
1410 3334 1525 3403 repellit.
1558 3333 1678 3389 Callidus
1700 3333 1773 3386 enim

135 3424 201 3483 111θο
216 3424 372 3489 fortissima,
384 3426 446 3494 ‘lilii
457 3438 551 3480 ⁰¹¹¹ssOE
565 3424 677 3479 humani
690 3423 795 3495 sineris
811 3420 930 3485 labores,
981 3442 1093 3496 serpens
1105 3433 1132 3481 et
1145 3426 1275 3491 lubricus,
1287 3426 1333 3480 eebl
1347 3434 1428 3496 caput
1443 3426 1623 3496 suggestionis
1634 3440 1690 3480 suae
1700 3438 1774 3479 mer·

135 3517 187 3591 eni
202 3516 354 3577 internatae
372 3517 449 3583 1111,
469 3525 499 3571 en
518 3533 600 3587 supra
625 3516 754 3580 diximus,
769 3513 932 3569 cinerente
981 3520 1058 3585 erit,
1075 3529 1147 3574 roten
1161 3529 1275 3575 cenaene
1297 3518 1383 3584 aetate,
1398 3527 1428 3574 ut
1445 3534 1528 3588 aureo
1554 3518 1624 3573 renate
1649 3524 1775 3589 receptes

135 3604 216 3665 letor
231 3607 564 3678 exsuperaltForlissima
588 3615 652 3663 sunl
673 3607 746 3662 enini
771 3601 932 3659 obedientis}
981 3618 1023 3667 est
1046 3618 1129 3675 totns,
1145 3610 1216 3665 male
1242 3610 1355 3681 recipiat
1371 3618 1473 3675 tolnae,
1491 3617 1518 3664 et
1540 3609 1611 3664 rnalc
1634 3617 1772 3679 receptum

135 3710 227 3764 trena,
239 3705 269 3751 ut
285 3699 399 3771 abneget
413 3701 495 3755 leonio
517 3699 692 3769 semetipsum
709 3697 777 3762 sibi3
789 3696 930 3768 praeclara,
981 3701 1051 3756 male
1069 3701 1206 3771 possideat
1228 3701 1357 3755 uinctum.
1387 3699 1475 3769 Caput
1497 3714 1562 3769 ergo
1585 3700 1729 3769 serpentis,
1745 3696 1774 3750 id

135 3794 170 3843 tet
180 3796 310 3857 sequatur
319 3788 466 3844 Cleristum.
476 3789 645 3854 Fortissimae,
654 3796 684 3842 ut
694 3788 811 3843 declinet
821 3804 837 3841 a
848 3787 929 3855 malo3
981 3800 1023 3847 est
1041 3792 1240 3862 suggestionem
1253 3791 1369 3856 diaboli,
1383 3790 1470 3845 boreus
1488 3790 1639 3845 inonachus
1652 3790 1679 3842 in
1695 3788 1773 3844 initio

135 3878 279 3953 praeclara,
295 3889 325 3934 nt
346 3880 429 3936 laeiaet
450 3882 561 3936 boreum
588 3880 764 3945 Fortissimae,
778 3896 812 3936 oe
836 3880 932 3935 reddat
980 3890 1115 3947 conterat,
1130 3896 1165 3936 na
1179 3881 1237 3951 ejus
1252 3882 1279 3934 in
1293 3878 1346 3934 fine
1359 3878 1493 3949 possessio
1512 3878 1569 3931 liat.
1592 3878 1665 3931 Bene
1679 3884 1773 3930 eoam-

137 3970 242 4027 nalnm
255 3971 305 4042 pio
319 3973 406 4039 nealo;
425 3972 561 4043 praeclara,
575 3981 605 4027 nt
621 3973 716 4027 reddat
730 3987 780 4042 pro
794 3971 866 4026 malo
884 3972 932 4027 bo·
981 3981 1034 4038 rat,
1047 3988 1082 4027 ae
1095 3972 1166 4026 enale
1177 3980 1350 4036 conteratnr;
1364 3969 1497 4035 feriatae
1510 3968 1639 4034 leriatnr;
1656 3968 1774 4028 occidat.

137 4078 215 4119 num.
231 4064 400 4129 Fortissima,
413 4081 446 4122 ne
460 4066 667 4120 maledicentem
684 4064 842 4130 enaledieat;
862 4079 932 4135 prae-
980 4078 1016 4119 ne
1030 4063 1179 4121 occidatur.
1203 4063 1237 4117 lit
1259 4062 1286 4116 in
1309 4062 1352 4117 his
1373 4062 1499 4116 omnibns
1514 4059 1594 4115 lortis
1615 4061 1703 4115 victor
1716 4058 1775 4114 eai-

137 4152 223 4217 clara,
237 4163 263 4208 ut
285 4156 367 4209 etiam
386 4157 537 4211 benedicat.
564 4155 734 4219 Fortissimae,
757 4170 792 4210 ne
808 4155 836 4209 in
850 4155 933 4210 corde
981 4164 1067 4220 stens,
1084 4155 1203 4210 nonsibi
1218 4153 1320 4220 landes,
1336 4152 1383 4207 sed
1397 4152 1514 4208 creatori
1533 4166 1583 4206 sno
1597 4149 1699 4205 rcierat
1715 4164 1775 4220 gra·

136 4250 231 4299 teneat
256 4246 363 4311 odium;
387 4246 579 4315 praeclareat
602 4255 731 4316 manuam
750 4246 930 4316 semetipsum
982 4256 1062 4313 tes‚a
1084 4261 1139 4317 qno
1162 4245 1268 4314 acecpit
1292 4252 1322 4298 ut
1344 4244 1526 4303 maceratae
1550 4242 1640 4295 rictus
1660 4240 1772 4311 periret.

136 4334 233 4407 diligat
254 4335 433 4391 inimicumet
454 4338 616 4408 proximum.
632 4337 792 4393 fortissima
806 4337 833 4391 in
854 4335 929 4405 abje-
980 4339 1054 4410 llrgo
1077 4347 1161 4393 totam
1183 4336 1374 4394 sollicitudinis
1388 4351 1444 4390 snae
1466 4335 1616 4390 custodiam
1636 4333 1669 4388 ad
1682 4332 1772 4387 calca-

136 4426 244 4491 ctinne;
264 4427 393 4496 praeclara
416 4429 442 4482 in
464 4429 630 4498 operatione.
647 4428 806 4485 Fortissima
821 4429 848 4484 in
863 4429 930 4484 tole-

136 4516 241 4579 rantis;
254 4517 385 4587 praeclara
405 4521 432 4573 in
447 4519 609 4575 oieedientia.
627 4520 787 4576 Fortissimae
801 4521 829 4575 in
843 4523 931 4577 eonti-

135 4614 224 4661 nnato
244 4608 361 4680 jejunio3
384 4610 513 4678 praeclara
536 4611 564 4665 in
583 4611 752 4667 recreatione
767 4626 927 4682 pauperum.

109 4685 114 4693 ’
136 4696 378 4767 Fortissima,Sint
388 4700 472 4756 lumbi
483 4703 567 4757 nestri
581 4704 736 4773 praecinctu
750 4703 889 4772 praetera,
899 4703 932 4757 Et

135 4788 257 4846 lucernae
280 4792 416 4848 ardentes.
437 4792 466 4847 ln
483 4793 650 4850 inllrmitatis
673 4795 815 4849 tolerantia
840 4793 931 4849 lortis-

135 4880 220 4948 sima,
234 4881 263 4936 in
284 4882 441 4939 visitatione
464 4884 581 4940 alioruin
597 4884 766 4940 inilrmorum
788 4883 929 4954 pemelara.

136 4972 180 5032 Ne
192 4977 321 5032 multatis
333 4978 476 5035 ruendacie
490 4978 640 5033 resotraenr
661 4976 825 5043 lortissinea;
842 4986 873 5031 ut
885 4990 931 5032 re·

135 5066 248 5141 ritatem
262 5071 344 5126 eorde
358 5079 385 5127 et
394 5087 441 5127 ore
454 5071 579 5143 loquatur
588 5071 732 5142 praeclara.
748 5071 931 5126 intolerando

134 5158 274 5231 patienter
287 5159 400 5230 lnjeerias
421 5161 568 5217 fortissima
582 5178 589 5227 ;
613 5163 640 5217 in
655 5178 708 5218 non
723 5161 848 5218 iaciendo
861 5161 930 5217 tole-

137 5252 240 5309 rendae
253 5256 393 5325 praetura.
413 5256 441 5311 ln
457 5256 620 5312 refrenando
632 5257 779 5328 appetitum
793 5257 862 5327 gulae
877 5255 932 5312 ior·

136 5342 261 5409 aetna
278 5347 306 5403 in
321 5348 483 5420 frugalitatis
494 5356 521 5404 et
531 5349 672 5418 parcitatis
685 5364 777 5405 aenore
787 5351 929 5418 preclara.

137 5436 170 5495 Ιιι
195 5441 322 5510 corporis
348 5443 528 5515 castigatione
555 5441 718 5508 iertissinea;
746 5442 773 5497 in
797 5441 932 5497 castitatis

139 5545 234 5589 autore
248 5533 387 5605 praeclara.
405 5534 459 5592 Sed
475 5543 504 5592 ct
517 5535 568 5591 leuc
583 5534 717 5590 veraciter
729 5533 819 5588 dicere
833 5547 929 5601 prossu-

980 4443 1061 4483 nenm
1075 4437 1204 4483 extremm
1216 4427 1278 4483 vite
1288 4441 1343 4482 snae
1352 4426 1480 4497 prorielns
1493 4425 1642 4479 monachus
1655 4438 1770 4479 eonver-

981 4528 1031 4587 tat,
1047 4536 1082 4577 ne
1092 4530 1227 4577 venenato
1238 4535 1331 4575 morsu
1344 4519 1479 4590 serpentis
1489 4516 1655 4587 improuidus
1666 4523 1771 4586 pereat.

981 4614 1051 4682 Quid
1076 4614 1149 4668 carim
1173 4627 1222 4682 per
1244 4611 1363 4666 hominis
1383 4608 1638 4665 caleaaeuneinnm
1666 4616 1774 4675 tempus

981 4704 1045 4759 ritae
1056 4703 1225 4774 significatur
1242 4700 1414 4758 eatremnml
1428 4697 1499 4766 Quid
1512 4698 1625 4753 callidus
1642 4697 1774 4751 insidians

983 4796 1109 4852 inimicus
1130 4795 1259 4866 pestifero
1280 4795 1361 4850 dente
1383 4792 1511 4863 pereutit,
1528 4792 1580 4846 sia
1597 4787 1772 4845 custodiasui
1823 4858 1828 4863 .

983 4887 1091 4942 anianus
1105 4886 1175 4942 male
1193 4900 1275 4941 sanus
1290 4883 1411 4939 recediti
1427 4882 1508 4952 Ergo,
1522 4881 1666 4944 neunaclee,
1680 4876 1774 4933 salnt's

983 4986 1038 5033 inae
1052 4978 1114 5032 audi
1127 4976 1280 5038 consilium,
1296 4983 1325 5029 et
1336 4973 1429 5043 operis
1442 4972 1481 5027 tui
1498 4971 1612 5026 sollicite
1627 4984 1704 5024 serra
1718 4964 1775 5021 cal-

983 5084 1109 5134 caneum,
1122 5084 1156 5123 ne
1170 5068 1198 5122 in
1212 5067 1266 5122 ilnc
1280 5065 1344 5120 ritae
1359 5074 1412 5120 tuae
1428 5064 1559 5133 deeeptus
1574 5060 1688 5129 alienius
1698 5070 1774 5113 erse·

983 5162 1022 5217 ris
1036 5160 1136 5215 labaris
1148 5160 1175 5214 in
1191 5158 1309 5213 derium.
1321 5157 1355 5211 Et
1368 5156 1413 5212 ubi
1426 5156 1556 5226 sperabas
1569 5153 1690 5222 recipere
1703 5159 1772 5215 prae-

981 5251 1077 5316 mium,
1095 5249 1132 5305 ibi
1150 5250 1279 5320 deceptus
1300 5247 1423 5304 invenias
1446 5245 1654 5304 detrimentum:
1675 5246 1704 5292 ct
1726 5234 1773 5291 eibi

982 5343 1111 5414 sperabas
1125 5342 1204 5397 lactus
1220 5342 1350 5396 scandere
1365 5339 1473 5401 carleno,
1489 5335 1525 5389 ibi
1540 5331 1625 5386 tristis
1643 5327 1774 5397 neergaris

983 5438 1010 5492 in
1025 5444 1168 5501 tertarum,
1183 5443 1211 5489 et
1232 5433 1357 5489 incantus
1372 5431 1461 5487 subito
1475 5425 1572 5496 perdas
1585 5417 1658 5492 quod
1670 5419 1715 5473 eliu
1729 5433 1775 5473 ac-

983 5528 1113 5602 quisitura
1136 5526 1162 5582 in
1186 5534 1318 5583 aeternnm
1342 5523 1442 5578 babere
1463 5524 1580 5587 peteras.
1607 5511 1678 5581 Quid
1699 5510 1771 5567 enim
