3810 6120
41 238 288 294 ,too5=

761 213 789 270 S.
808 206 931 266 teonis
950 201 1051 260 PAPAE
1073 199 1107 255 lli
1685 192 1754 248 tuor

122 363 193 404 mus.
212 343 308 398 δαείη
324 345 415 394 autem
434 330 664 390 desideratissima
681 327 708 380 iu
732 322 845 378 Domino
857 319 911 374 fra·
926 327 950 384 Λ
964 320 1033 374 darre
1061 320 1127 386 ἡμᾶς
1157 321 1248 387 πρῶτα
1277 312 1321 381 μίν
1350 311 1445 380 εδχαίτ
1468 315 1525 368 ταῖς
1553 308 1616 383 πρὸς
1651 307 1756 384 κόριον,

123 434 248 495 temitas,
260 431 346 483 vicem
363 424 441 479 nobis
455 420 571 475 reddens
587 415 715 486 precilnrs
726 412 759 466 ad
773 409 917 466 bominum
968 405 1057 462 ι’πιιτα
1077 403 1103 459 st
1131 404 1173 456 καί
1196 401 1275 472 λίγεις
1300 407 1353 458 τοῖς
1377 401 1513 456 καθήκουσι
1536 402 1577 452 καὶ
1604 400 1757 471 πράγμασιν

125 523 202 584 lusis,
216 516 428 589 opportunisque
444 509 626 570 sermonibus,
639 515 669 560 et
679 504 745 574 ipsis
758 512 923 571 quoquere-
968 499 1159 566 θποσπορίζονσι
1188 494 1230 546 καί
1259 493 1451 553 συνιπίζονσιν.
1473 491 1514 543 iva
1536 496 1592 549 ταῖς
1618 491 1757 564 ὑμετέραις

126 614 188 675 bus,
201 624 250 663 uos
269 600 612 666 confirmetinlormetqne,
630 609 684 665 quo
698 592 797 649 vetll'it
816 588 923 658 legibue
967 589 1123 657 νομοθεσίαις
1143 587 1186 639 καί
1208 582 1380 642 διδασκαλίαις
1403 585 1535 651 σειίιωμιν
1555 580 1655 654 ε’δραίος
1677 584 1703 637 ίν
1727 591 1758 654 τῇ

125 708 270 764 vestraque
281 691 381 749 runnu
401 690 526 745 doctrina
539 688 568 742 in
586 687 638 740 hac
651 680 836 742 maninus,
856 678 921 732 sim·
968 679 1074 748 τοιαύτῃ
1099 676 1187 729 πίστει
1211 672 1347 740 irritent»,-
1374 672 1416 723 καί
1439 672 1558 743 ἀκέραιοι·
1575 673 1661 725 πάντα
1683 675 1717 727 τὰ
1733 675 1759 725 ς,

125 791 219 863 plicas,
241 795 269 839 et
289 784 324 838 ab
341 783 415 838 omiti
437 780 543 836 delectu
576 779 709 832 immunes
733 772 921 843 persistamus,
969 769 1031 840 αὐτῇ
1061 770 1212 837 μυστήρια,
1238 760 1329 818 ἄνωθεν
1352 759 1545 835 παραδεδομένα
1577 761 1756 834 ὰπαφίιεριιει

126 879 272 946 omniaque
286 873 414 945 mysteria
431 885 494 941 quae
510 872 538 924 in
558 870 617 937 ipsa
633 865 676 920 vel
690 866 724 920 dc
743 865 801 932 ipsa
822 861 857 916 ab
870 859 923 914 itri-
970 858 1146 928 φυλάττοντες,
1168 856 1209 907 καί
1235 849 1297 906 ς’ίσω
1319 859 1367 905 τῶν
1394 847 1458 917 ὅρων
1481 857 1528 909 τῆς
1549 850 1758 912 ίτνλοσιπστικῆς

127 972 242 1026 liosum
258 967 368 1027 tradita,
393 965 553 1019 inconcussa
577 959 754 1019 retineamus,
775 953 925 1007 cluniaca-⁰
971 948 1048 1004 rime
1071 944 1206 1011 ἱστάμενα,
1224 949 1255 1013 τῇ
1279 942 1333 1010 θείᾳ
1357 941 1470 1008 σύριγγι.
1493 946 1526 1012 τῇ
1549 947 1596 999 τῆς
1619 941 1760 994 ἁποστολι.

129 1074 190 1114 sum
210 1057 327 1125 denique
350 1052 508 1108 rationalem
531 1059 656 1105 nostrum
680 1060 799 1116 gregem,
820 1041 920 1099 sumini
972 1044 1016 1095 κείς
1034 1036 1075 1087 καί
1096 1040 1267 1101 πνευματικῆς
1285 1029 1449 1089 διδασκαλίας
1472 1031 1574 1100 ricino
1596 1032 1760 1104 περιθομίο·

130 1147 248 1217 pastoris
270 1145 378 1198 nomine
407 1151 435 1196 et
456 1141 584 1196 unctione
604 1137 772 1207 insignibam,
798 1134 923 1200 intraque

132 1235 321 1292 eoelsiasuen
336 1231 421 1285 caulae
431 1238 507 1298 septa
520 1227 711 1289 constitutum,
727 1221 873 1277 manilesta
883 1218 924 1273 di-

76 1350 79 1355 ·
133 1324 203 1379 virrae
217 1323 287 1376 illius
307 1329 336 1376 et
349 1319 501 1390 apostolica
520 1315 668 1386 spiritualis
686 1313 817 1368 doctrina
830 1310 928 1365 unuln

134 1411 355 1475 ebuccinatione,
387 1407 553 1474 vocibusque
580 1404 709 1458 divinitus
733 1401 872 1469 inspiratis
898 1398 927 1452 in

134 1518 219 1558 unuin
232 1514 426 1571 congregemus
439 1507 466 1552 et
478 1498 511 1550 ab
525 1495 710 1550 insidiantium
724 1493 842 1546 letarum
855 1504 927 1544 mor·

134 1593 209 1647 sibus
227 1590 340 1645 illesum
355 1601 557 1642 conservemus.
594 1600 596 1604 ’

169 1683 198 1739 Si
212 1699 264 1752 qua
275 1690 393 1735 autema
412 1678 491 1732 nobis
502 1687 564 1730 sunt
575 1675 768 1745 pretermissa,
787 1687 819 1726 ea
833 1663 961 1726 arnicoB
1010 1668 1061 1718 lini
1080 1666 1113 1719 τίι
1133 1663 1194 1738 παρ’
1205 1664 1274 1735 ἡμῶν
1286 1661 1469 1732 ἀπολειπόμενα
1488 1661 1518 1718 δι’
1531 1663 1631 1718 ίαυτῶν
1647 1665 1765 1724 ἀποκλη-

131 1783 297 1845 pateramque
307 1769 403 1824 allecto
416 1785 464 1838 per
476 1766 674 1835 vosmeptipsos
689 1762 806 1832 explete,
819 1778 873 1832 quo
884 1761 930 1823 πίε
975 1764 1070 1834 ροῦπε,
1096 1759 1130 1815 ὡς
1152 1753 1292 1828 φιλάδελφοι
1316 1755 1357 1808 ααί
1383 1754 1556 1829 φιλόστοργοι,
1580 1756 1622 1809 im
1647 1758 1677 1809 τί
1694 1756 1767 1826 ὑμῶν

131 1864 230 1918 mirum
244 1871 332 1915 vestra
345 1856 509 1912 abundantia
522 1865 642 1908 nostram
655 1852 778 1922 suppleat
788 1852 924 1920 inopiam3
976 1852 1150 1926 περίσσευμα,
1165 1850 1200 1908 είς
1213 1847 1242 1901 τί
1254 1846 1375 1921 ἠμίτιρον
1387 1851 1551 1918 χρησιμευσμ
1565 1848 1707 1921 ὑστέρημα,
1724 1850 1771 1902 παι

138 1953 333 2020 quodcunque,
350 1945 568 2016 inquam‚velin
586 1940 929 2006 verbis‚veletinminre·
976 1942 1007 1995 τί
1028 1940 1052 1992 ίν
1073 1939 1156 2010 λίγοιτ
1187 1941 1228 1994 καί
1255 1940 1402 2013 πράγμασιν
1426 1942 1487 2009 ἡμῖν
1512 1938 1610 2005 ἐυδίον,
1638 1950 1675 2011 τῷ
1699 1944 1773 1997 κατὰ

138 2040 190 2096 bns
205 2040 283 2093 nobis
308 2039 395 2101 deest,
419 2035 445 2091 id
467 2033 615 2088 venerabili
634 2031 827 2099 sacerdoteque
848 2028 931 2099 digna
977 2032 1021 2085 τὸν
1047 2030 1099 2098 βίον
1124 2034 1194 2098 ὑμῶν
1217 2031 1364 2106 ίεροπρεπεῑ
1390 2032 1433 2083 ναί
1466 2027 1552 2101 σεμνῷ
1579 2021 1772 2106 παραστήματι

142 2128 304 2182 ειιοιοιίινιο
325 2127 386 2180 vitae
405 2132 505 2179 nostrae
519 2123 628 2192 adjicite
650 2130 677 2177 et
691 2118 930 2190 superaedificate:
979 2117 1189 2187 ίποαοδομίοητε
1218 2124 1259 2174 ναί
1277 2120 1435 2184 ίπαυξιίσητε
1460 2118 1707 2190 [ἐποικοδομοίσηπαι
1729 2123 1773 2178 zai

140 2221 276 2274 charisma
297 2219 369 2273 enim
397 2218 473 2271 vobis
498 2215 737 2276 communicatum,
762 2210 865 2265 nullum
879 2208 932 2262 bac
980 2208 1175 2279 ίπαυξνίσοταιλ,
1193 2210 1269 2280 μηδὲν
1286 2213 1503 2288 μινρολογούμενοι
1518 2211 1689 2285 περίείδοθίν
1713 2216 1774 2285 ὑμῖν

139 2313 244 2366 ratione
261 2312 351 2378 capiet
362 2309 563 2370 detrimentum,
578 2305 710 2374 siqnidem
726 2302 844 2358 liberalis
855 2315 929 2363 com·
981 2300 1061 2373 [ήμῖν]
1085 2304 1215 2375 χάρισμα,
1238 2305 1266 2355 ab
1281 2307 1332 2376 γὰρ
1348 2305 1484 2358 sianum
1499 2305 1568 2375 pipo
1582 2312 1640 2364 τοῖς
1663 2304 1773 2375 epodon,-

139 2402 287 2456 munieatio
302 2402 367 2456 adeo
382 2402 513 2455 bonorum
534 2397 739 2453 diminutionem
759 2395 859 2450 nullam
883 2393 931 2447 ad·
981 2394 1155 2468 παρέχουσιν,
1167 2393 1265 2453 ίλλ“ιι’ς
1275 2395 1304 2448 τὸ
1318 2395 1505 2449 πολλαπλασισν
1524 2398 1651 2468 εὐκαίρως
1666 2397 1774 2457 εὐκλεεῖς

140 2492 205 2558 lert,
217 2500 247 2546 ut
258 2509 306 2547 suo
318 2507 424 2562 quoque
437 2501 556 2560 trrrrpore
571 2488 731 2559 multiplices
745 2487 934 2558 gloriososque
981 2486 1042 2542 τοὺς
1057 2485 1172 2555 καρποὺς
1191 2491 1242 2543 τοῖς
1253 2489 1462 2557 προαιρουμένοις
1475 2485 1646 2542 ἀποδίδωσιν.
1662 2493 1776 2560 ‘vespm

144 2583 248 2638 lructus
267 2582 399 2638 refundat.
418 2583 514 2637 l'estra
526 2581 638 2650 proinde
655 2581 745 2634 divina
770 2579 870 2634 virtute
883 2593 934 2634 nos
982 2569 1070 2626 deoru
1081 2573 1148 2644 νίμᾶε
1161 2575 1194 2631 ὡς
1205 2574 1403 2644 ἀσθενεστέρους
1414 2586 1444 2646 τῇ
1459 2577 1630 2651 παρ’ίαυεῶν
1647 2578 1776 2651 θεοοδίεμ

146 2673 227 2727 veluti
260 2672 424 2726 infirmiores
460 2671 573 2734 fulcito,
599 2670 736 2740 pedesque
771 2677 880 2724 ttulitos
902 2667 937 2723 ad
983 2659 1100 2730 δυνάμει,
1130 2665 1170 2716 καί
1192 2666 1372 2736 καταρτίζονσι
1396 2669 1456 2725 τοὺς
1479 2666 1559 2725 πόδας
1583 2670 1656 2738 ἡμῶν
1674 2673 1711 2729 είς
1732 2679 1777 2730 τὴν

142 2763 303 2817 currendam
323 2763 460 2833 Evangelii
479 2763 602 2818 sonutam
625 2760 860 2830 pollicitumque
879 2757 937 2813 ulla
981 2760 1028 2808 τοῦ
1046 2754 1193 2825 ιιύαγγιλίου
1215 2755 1301 2829 τρίθον
1316 2760 1356 2809 καί
1371 2757 1556 2824 συμθουλτυέιν
1579 2761 1613 2813 τοί
1637 2760 1780 2834 ὀνησιφόρα
1821 2791 1823 2803 =

141 2853 262 2918 omniuo,
277 2869 337 2921 qun
351 2853 479 2907 salutaria
494 2860 540 2906 aut
552 2852 628 2905 utilia
648 2850 821 2915 videbuntur,
840 2862 937 2919 sugge·
984 2845 1025 2896 καί
1049 2843 1177 2916 σωτηρίας
1204 2845 1318 2914 ἐχόμενα
1343 2851 1378 2913 μη
1401 2844 1552 2908 διαλίποιεν,
1572 2849 1615 2902 ἵνα
1638 2852 1728 2923 ὧσπερ
1751 2854 1776 2905 ίν

138 2959 199 2999 rere
211 2943 417 3013 praetermittite,
433 2950 462 2996 ut
475 2941 702 3012 quemadmodum
718 2940 745 2994 in
760 2939 812 2994 side
824 2947 852 2994 ct
864 2954 931 2994 con·
985 2942 1016 3008 τῇ
1032 2934 1148 3008 ίμολογίιρ
1177 2937 1206 2989 τί
1229 2937 1321 2990 ιὐιαῐου
1345 2940 1389 2990 ναί
1413 2935 1548 3009 ἀδιάφορον
1576 2930 1776 3009 {ponzen-310

146 3031 266 3088 lessionc
289 3035 417 3087 uilitatem
438 3033 664 3101 concordiamque
679 3044 882 3092 conservamus,
897 3014 970 3085 itaC
985 3026 1027 3078 καί
1051 3022 1075 3077 ίυ
1096 3032 1132 3098 τῷ
1154 3024 1287 3098 συνδέσμῳ
1310 3034 1355 3085 τηε
1377 3028 1477 3096 ίιγίιπης
1497 3031 1718 3101 συναρμεζίμιιοι
1736 3036 1778 3088 „a

144 3124 283 3179 charitatis
307 3137 412 3193 quoque
427 3122 535 3177 vinculo
556 3122 640 3190 aptati
660 3120 845 3190 colligatique,
865 3120 939 3175 indi·
985 3115 1146 3185 πυνδείμενοι
1159 3118 1362 3173 ἀναπίπποιστον
1382 3126 1427 3179 τῆς
1450 3121 1548 3194 είριίνης
1563 3121 1591 3175 πὸ
1609 3119 1692 3196 δῶρα·
1707 3125 1732 3176 ε,
1746 3130 1775 3195 ,j

144 3214 250 3268 vulsum
262 3215 336 3282 pacis
350 3214 462 3278 donum,
483 3212 554 3282 quod
568 3211 750 3266 [eclesiarum
764 3210 938 3266 concordium
985 3213 1176 3279 πεπιστινμίνῃ
1201 3213 1258 3280 ἡμῖν
1280 3209 1508 3284 δικεονίᾳίφέίμῖν
1527 3215 1616 3275 αὐτοῖς
1635 3217 1778 3286 καταίσχυ-

139 3302 323 3370 unitatemque
347 3302 483 3366 conciliat,
505 3301 712 3371 conservatique
731 3302 759 3356 in
780 3300 937 3356 concredito
986 3299 1073 3368 prr,rl
1097 3301 1125 3354 πὸ
1149 3298 1304 3369 ἁδιίιτμεεον
1325 3305 1369 3356 καί
1392 3303 1527 3375 σύμφωνον
1545 3303 1722 3378 τῇέιαλησίορ
1735 3326 1779 3359 rn-

974 1146 1023 1189 σει,
1044 1128 1086 1177 καί
1106 1124 1283 1211 θροπνεόστοις
1299 1124 1418 1191 ἡχίμασι
1440 1119 1523 1174 πάντα
1548 1123 1581 1174 τοί
1605 1121 1695 1193 λογικὰ
1717 1131 1760 1181 τίς

974 1219 1044 1288 ίιρὰς
1057 1219 1164 1287 ποίμνης
1176 1214 1307 1288 θρέμματα
1319 1213 1547 1287 περιαθροίζονεες,
1562 1216 1607 1266 καί
1623 1221 1762 1285 τηροῦντες

974 1311 1108 1384 πειρατῶν
1125 1305 1337 1365 ίεεεθονλενόντων
1353 1306 1445 1380 θηρίων
1463 1306 1581 1364 &ibim
1601 1307 1763 1373 immac.

977 1403 1039 1471 με’να
1060 1409 1096 1474 τῷ
1108 1405 1154 1454 τοῦ
1174 1398 1357 1470 ἀρχιποίμενος
1380 1402 1489 1470 Χρισποί
1508 1398 1640 1469 χρίσματι
1655 1401 1697 1450 ‚32
1709 1397 1761 1450 ἂνγ’.

976 1512 1048 1561 ματι.

139 3393 218 3449 nobis
243 3394 391 3448 ministerio
407 3394 476 3447 inter
499 3408 547 3447 nos
566 3407 651 3462 nsque
670 3392 856 3446 retineamus:
879 3405 935 3459 quo

92 3486 95 3490 ’
141 3485 232 3554 magni
258 3484 329 3554 regis
355 3484 450 3538 civitas
476 3483 540 3539 lrinc
563 3484 707 3539 munitact
726 3482 936 3543 circumvallata,

144 3577 272 3632 otiantibus
286 3576 425 3634 fraudibus
447 3574 732 3645 inaspectabiliumque
753 3575 870 3630 hostiurn
894 3574 937 3628 in·

141 3668 267 3730 sultibuS,
289 3668 333 3735 qui
354 3668 431 3721 avide
454 3674 644 3736 exspectantes
659 3675 688 3719 ut
711 3666 828 3736 aliquem
841 3665 869 3719 in
880 3665 937 3734 ipsa

146 3757 309 3824 descriptum
325 3755 480 3824 spirituque
495 3755 630 3823 signatum
649 3755 787 3818 devovent,
800 3770 938 3824 nunquam

146 3861 200 3900 non
220 3846 246 3899 in
261 3845 375 3899 circuitu
392 3843 575 3908 obambulant,
588 3851 696 3897 maneat
710 3843 858 3912 impervia:
871 3858 940 3897 con·

149 3945 192 3989 tra
205 3950 344 4006 qnossanc
359 3934 564 4003 inaspectabiles
578 3934 668 3987 bostes
678 3949 732 3988 vion
746 3933 939 3996 earnalia,.sed

144 4026 296 4096 spiritualia
318 4025 460 4094 objicimus
485 4039 571 4089 arma,
596 4032 702 4079 scutum
721 4023 846 4078 videlicet
867 4022 939 4091 lidei,

148 4116 338 4183 sermonisque
351 4115 479 4186 gladium,
489 4114 560 4183 quod
573 4122 615 4168 est
631 4114 744 4168 verbnm
763 4113 821 4178 Dei,
835 4121 864 4166 ut
876 4127 940 4181 pec·

145 4208 200 4262 cati
224 4207 388 4261 munitiones
408 4214 435 4261 ct
449 4206 588 4260 machinas
609 4206 719 4276 spiritus
742 4204 825 4259 lunda
849 4205 940 4259 demo·

145 4296 244 4355 lientes
273 4298 502 4365 insectantesque,
525 4295 661 4351 crudelem
678 4295 783 4363 illorum
796 4295 938 4350 andaciam

986 3395 1135 3457 ριποιεῑται.
1164 3387 1235 3448 όπως
1260 3391 1405 3448 introiisti
1433 3396 1510 3450 ννετό
1531 3392 1602 3452 πόλις
1626 3398 1672 3446 τοῦ
1700 3394 1779 3463 βασι·

986 3479 1048 3537 λίνος
1075 3486 1120 3533 τοῦ
1148 3480 1258 3552 μεγάλου
1287 3484 1449 3555 τειχιζομίεη
1478 3486 1520 3537 καί
1545 3487 1779 3556 περιφρουρι’.νμι’νκ

987 3573 1163 3632 dastidium:
1184 3577 1227 3626 καί
1240 3573 1382 3647 ἀπόρθητος
1400 3574 1507 3647 διαμένῃ
1526 3577 1552 3628 ίκ
1567 3577 1653 3637 πόσος
1668 3577 1774 3651 inperio

987 3661 1029 3722 λῆς
1046 3683 1072 3717 τε
1091 3665 1132 3715 κοί
1145 3664 1240 3733 τόχνης
1254 3670 1305 3718 τῶν
1317 3665 1432 3739 ἀοράτων
1445 3665 1556 3740 ίχθρῶν,
1569 3670 1614 3720 καί
1631 3674 1684 3721 τῶν
1697 3667 1777 3737 κύκλοι

988 3754 1164 3828 περιθεόντων,
1179 3757 1221 3808 καί
1231 3756 1372 3818 ζητούντων
1385 3764 1515 3811 καταπιεῖν
1534 3778 1590 3814 areat
1605 3764 1657 3812 τῶν
1671 3760 1697 3812 ia
1717 3760 1779 3832 αὐτῇ

988 3845 1229 3919 ἀπογεγραμμένων,
1248 3850 1290 3901 καί
1308 3848 1496 3918 σεμιεωθόντων
1514 3849 1539 3901 ἐν
1562 3852 1703 3920 ίλνειόμετε·
1725 3849 1777 3903 snt

989 3932 1022 3987 ὧν
1040 3919 1230 4009 προίαίλόμεθα
1251 3940 1280 3989 οὐ
1301 3940 1413 4013 σαρκικὰ
1429 3937 1506 4000 isla,
1523 3939 1585 3994 iiii
1608 3944 1780 4009 anteposui,

988 4031 1033 4084 τείν
1054 4047 1080 4080 τι
1104 4027 1203 4081 ἀσπίδα
1224 4037 1271 4088 τῆς
1289 4032 1401 4088 πίστεως
1425 4032 1468 4083 καί
1492 4034 1536 4088 τόν
1559 4037 1608 4084 reri
1631 4031 1708 4103 λόγον
1731 4034 1780 4102 μα’·

989 4138 1096 4191 χαιραν,
1114 4113 1127 4169 ό
1146 4115 1206 4172 ε’σει
1224 4118 1295 4190 ρ’νζμοι
1312 4125 1377 4174 Θεοῦ
1398 4126 1442 4173 τοῦ
1458 4121 1566 4174 καθελεῖν
1585 4128 1635 4181 τῆς
1654 4120 1782 4196 ἁμαρτίας

988 4209 1035 4266 τὰς
1054 4201 1179 4267 ε’λεπολεις
1193 4210 1234 4261 καί
1256 4210 1377 4278 μηχανὰς
1392 4217 1424 4281 τῇ
1437 4207 1556 4280 σφενδόνῃ
1570 4217 1619 4263 τοῦ
1637 4212 1782 4271 πνεύματος

990 4295 1078 4366 πόρ’ρίω
1091 4319 1142 4353 που
1158 4299 1186 4354 τό
1207 4296 1292 4374 όγριον
1310 4301 1404 4370 θρόισος
1427 4301 1508 4354 αὐτίκα
1526 4300 1720 4358 inuenerem:
1742 4303 1783 4356 καί

143 4387 238 4457 procul
256 4387 387 4457 pellamus
402 4385 624 4457 frangamusque,
640 4402 693 4456 quo
708 4388 758 4442 bac
772 4387 879 4441 tandem
893 4400 937 4440 ra·
951 4362 1160 4450 1)ίνδιίηιουτςς.
1177 4393 1210 4450 ὡς
1223 4399 1268 4450 τῆς
1282 4392 1350 4452 θείας
1365 4392 1476 4463 φυλακῆς
1487 4410 1513 4445 τι
1539 4393 1583 4444 καί
1599 4392 1682 4466 ρὀπὴς
1699 4395 1785 4456 iiie}

145 4479 218 4532 tione
234 4478 323 4531 divina
338 4478 458 4532 custodia
479 4476 632 4545 auxilioque
652 4476 741 4546 potiti,
755 4477 816 4529 vitoe
838 4483 938 4530 nestra

144 4570 314 4624 corivcrsntio
325 4569 415 4638 quieta
431 4576 579 4637 pacataque
592 4567 770 4632 consistnt‚ct
782 4568 809 4621 in
827 4580 939 4637 regene-

106 4693 111 4703 ·
146 4656 259 4722 ratione,
282 4673 344 4711 cuin
366 4657 511 4711 novissima
541 4658 602 4710 tuba
614 4656 779 4726 personabit,
793 4656 865 4727 digni
876 4671 940 4711 ecn-

145 4760 263 4810 scamni,
272 4747 317 4816 qui
332 4749 399 4801 citra
413 4746 664 4801 condemnationem
676 4747 737 4800 vitm
752 4755 852 4800 nostrre
876 4746 938 4802 duci

146 4834 173 4886 in
192 4833 282 4888 Patris
308 4836 391 4906 glovia
417 4852 478 4892 cum
502 4837 604 4891 sanctis
627 4834 729 4907 angelis
747 4837 803 4890 suis
826 4845 940 4891 venturo

146 4940 331 4993 occurramus,
344 4945 449 5004 nnaqne
468 4930 502 4985 ad
519 4929 609 4999 sponsi
626 4929 785 4993 thalamum,
800 4943 860 4983 cum
877 4943 941 4998 pru·

146 5015 271 5070 dentibus
302 5017 459 5086 virginibus,
485 5020 598 5090 spiritali
619 5018 794 5087 angelicoque
817 5018 940 5072 convivio

144 5114 277 5175 perpetuo
302 5105 408 5162 lrnitmi
426 5110 617 5182 ingrediamur,
641 5124 787 5179 eorumque
807 5107 939 5164 bonorum

147 5198 269 5253 lraerailes
289 5197 445 5265 efficiamur,
464 5217 522 5271 quie
536 5203 562 5255 iu
577 5201 686 5256 Christo
711 5215 776 5254 vero
797 5199 852 5253 beo
864 5213 941 5268 repo-

147 5290 199 5345 sita
214 5299 275 5344 sunt
286 5307 337 5343 nrm
353 5290 477 5359 indiguis,
491 5290 582 5359 ,idque
595 5289 772 5345 immaculatio
785 5289 941 5358 inculpata}-

148 5396 199 5449 que
228 5382 323 5436 matris
353 5379 424 5434 illius
439 5389 465 5434 ct
488 5382 608 5434 omnium
634 5390 788 5437 sanctorum
806 5381 940 5436 intercer-

148 5473 233 5526 sione.
250 5472 347 5527 Amen.

184 5561 260 5629 Qnml
275 5573 364 5618 antem
374 5564 426 5620 isto
440 5563 528 5620 serius
540 5575 588 5632 per
598 5575 629 5616 ca
639 5575 699 5630 qnae
714 5561 846 5618 hactenus
856 5573 939 5630 expo·

990 4479 1151 4547 pernominati
1168 4486 1291 4554 ἠρεμαῖον
1305 4484 1348 4535 καί
1362 4483 1487 4555 είρηναῖον
1508 4482 1578 4537 ἡμῶν
1600 4483 1740 4539 καθίστησι
1755 4484 1783 4536 τό

990 4570 1140 4639 πολίτευμα.
1154 4571 1197 4625 ἵνα
1211 4574 1253 4626 καί
1276 4572 1301 4626 ε“ν
1322 4578 1354 4643 τῇ
1379 4571 1560 4643 παλιγγενεσία
1574 4571 1601 4623 ir
1626 4580 1658 4643 rvi
1680 4574 1783 4647 ίσχείτῃ

990 4660 1110 4733 σάλπιγγι
1127 4662 1267 4732 ἀξιωθῶμιν
1279 4669 1315 4730 τῷ
1329 4662 1438 4736 ἆρχεγῷ
1455 4671 1500 4721 τῆς
1521 4666 1586 4725 ζωῆς
1602 4665 1675 4731 ἡμῶν
1688 4665 1783 4719 ‹iu-a·

990 4754 1082 4822 κρίτως
1095 4749 1241 4809 ὑπαντῆσαι
1259 4751 1390 4824 ίρχεμίνῳ
1404 4744 1471 4821 μετόι
1492 4748 1565 4814 δόξετε
1584 4759 1633 4812 τός
1655 4760 1783 4827 ratpoti,-

993 4845 1040 4896 σὺν
1054 4850 1108 4902 τοῖς
1123 4842 1203 4912 όιγίοις
1224 4843 1337 4914 ἁγγίλοις
1349 4843 1438 4905 αὑτοῦ,
1452 4844 1494 4896 καί
1506 4842 1532 4895 όν
1550 4853 1584 4908 τῷ
1599 4851 1718 4915 suppose
1729 4850 1783 4901 τσῑε

991 4936 1119 5007 φρονίμοις
1142 4935 1339 5004 σννιισίλθωμιν
1362 4935 1502 5010 ππρθίνοες.
1518 4936 1562 4987 καί
1579 4942 1628 4993 τῆς
1649 4934 1782 5005 inp-prinde

991 5025 1177 5095 ἀπολαύσωμεν
1203 5022 1376 5084 πανδαισίας·
1404 5024 1554 5098 κληρονόμοι
1575 5024 1706 5094 γενόμενοι
1735 5032 1782 5078 τίεν

990 5115 1159 5184 ἀποκειμένων
1172 5120 1228 5174 τοῖς
1248 5115 1326 5177 ἀξίοις
1347 5113 1445 5184 ἀγαθῶν
1460 5110 1485 5166 όν
1504 5119 1608 5188 Χριστῷ
1622 5119 1659 5180 τῷ
1676 5105 1781 5178 &unioni

991 5211 1046 5276 θεῷ
1062 5204 1202 5278 πρεοθείας
1222 5204 1356 5276 ἁχραντον
1377 5203 1420 5255 καί
1437 5201 1576 5270 inopino
1594 5195 1675 5256 carno
1688 5198 1781 5273 μητρός

993 5298 1034 5349 καί
1047 5298 1146 5350 πάντων
1156 5301 1206 5349 τῶν
1225 5293 1312 5362 ι’κγίων.
1326 5298 1411 5361 Ἀμήν.

1026 5560 1055 5611 Εἰ
1077 5553 1104 5612 δὲ
1122 5562 1242 5613 τοσοῦτον
1265 5553 1311 5624 ὁδί
1329 5559 1373 5609 τοῦ
1404 5555 1491 5625 καιροῦ
1516 5551 1542 5604 iv
1568 5553 1672 5614 τούτοις
1686 5551 1777 5612 ionis
