3810 6120
135 307 188 368 tet·

774 291 950 354 Sblblibsslil
967 289 1111 349 amaris

1710 279 1762 338 tte

171 424 257 482 Nemo
270 440 313 479 tos
325 421 437 492 decipiat
449 418 571 474 inanibus
590 416 683 472 auiis.
703 413 791 469 Verba
803 425 864 482 quae
877 411 924 465 de-
936 407 962 469 Α
978 423 988 457 t
1004 408 1047 463 cio
1057 405 1199 475 demonia,
1211 403 1334 478 prolecto
1344 411 1468 477 persenti
1476 402 1510 457 ad
1521 414 1569 458 ros
1581 413 1693 470 requam
1704 397 1764 452 liei.

136 518 240 590 cipiunt
253 523 334 585 atque
346 512 528 583 supplantant,
541 509 631 563 inania
645 513 708 561 sunt
720 513 747 561 ct
761 519 857 568 uacua,
867 516 927 573 quae

136 622 202 663 reru
223 605 356 667 edificant
378 603 536 668 audientes,
557 598 654 669 plena,
676 596 832 660 cumulata,
859 607 926 649 coa·

138 697 273 766 lectaque.

174 786 287 856 Propter
296 786 352 840 itaec
364 785 432 838 enim
446 784 512 838 uenit
526 783 567 836 ira
577 780 627 835 Dei
645 780 673 834 ia
684 778 754 849 filios
765 775 925 847 diffidentie.

138 875 296 932 liiilldentiae
307 874 354 929 lilii
366 874 406 928 sic
415 873 551 935 dicuntur,
565 869 701 940 quomodo
711 867 758 922 lilii
768 863 927 936 perditionis

138 962 167 1023 et
180 964 375 1027 fornicationis,
387 969 415 1016 et
427 960 475 1015 lilii
490 960 584 1015 mortis
598 969 624 1013 et
635 958 682 1012 titt·
693 956 831 1028 gehennae,
839 961 867 1007 et
877 967 928 1007 ece-

139 1063 197 1114 tars
207 1056 251 1111 his
260 1053 369 1116 similia,
382 1066 442 1122 quae
455 1051 482 1105 in
495 1049 578 1104 variis
591 1047 793 1118 scripturarum
807 1043 875 1099 locis
888 1042 929 1096 in·

139 1145 232 1200 venire
244 1140 370 1213 perfacile
383 1147 434 1195 est.

175 1233 264 1289 Nolite
275 1248 337 1302 erpo
359 1231 424 1302 effici
437 1230 576 1300 participer
595 1243 695 1282 corant.
716 1223 855 1292 Particeps
871 1221 929 1276 sive

139 1323 336 1393 comparticeps
352 1320 384 1375 lit
395 1319 548 1375 diffidentiae
561 1318 690 1382 liliorum,
706 1314 795 1385 quiin
810 1310 929 1368 tornica-

140 1413 215 1469 tione
227 1421 256 1468 et
267 1410 435 1467 immunditia
450 1418 478 1465 et
489 1409 515 1463 iu
528 1407 651 1471 avaritia,
664 1412 776 1476 pmpter
785 1417 846 1473 quae
855 1399 929 1454 venit

140 1502 181 1558 ira
195 1501 241 1558 liei
257 1516 338 1572 super
347 1500 416 1555 lilios
428 1497 592 1562 diffidentie,
604 1495 749 1567 reperitur,
756 1502 783 1548 et
794 1491 929 1562 particeps

143 1591 250 1662 quidem
264 1605 358 1645 eorum
369 1598 429 1654 est,
444 1588 479 1642 ab
496 1603 529 1643 eo
543 1587 613 1657 quod
626 1585 801 1656 participatur
816 1590 844 1637 et
855 1596 930 1636 com·

981 513 991 547 a
1008 496 1075 552 Cum
1089 492 1168 553 tortis
1177 505 1299 553 armatus
1316 496 1435 552 custodit
1446 493 1543 547 atrium
1555 505 1642 553 snum,
1658 490 1685 546 iu
1698 503 1768 558 pace

981 603 991 639 a
1007 594 1070 642 sunt
1081 587 1172 644 omnia
1185 602 1246 656 quae
1262 586 1392 655 possidet.
1415 582 1443 638 Si
1462 589 1552 635 autem
1567 578 1663 634 tortior
1675 593 1709 633 eo
1721 593 1769 632 su·

981 693 990 726 ι
1008 676 1170 745 perveniens
1181 679 1278 730 vicent
1295 689 1374 738 eum,
1389 672 1515 726 universa
1530 685 1607 724 arma
1618 667 1677 737 ejus
1692 666 1769 722 aule·

981 785 990 818 ι
1009 773 1062 831 ret,
1074 767 1101 822 in
1114 768 1211 836 quibus
1223 766 1383 827 malidebat
1398 771 1426 818 et
1439 762 1523 833 spolia
1540 763 1600 832 ejus
1612 761 1767 815 distribuet.

981 872 991 906 ι
1009 855 1059 923 Qui
1072 871 1125 910 non
1137 864 1179 911 est
1191 870 1306 920 mecum,
1325 855 1468 909 adversum
1481 857 1594 916 maest,
1609 859 1637 905 et
1651 850 1697 918 qui
1713 863 1769 904 non

982 968 992 999 ι
1008 947 1111 1017 colligit
1123 962 1239 1011 mecum,
1256 946 1396 1017 dispergit.
1410 944 1477 999 Cum
1491 942 1644 998 immundus
1658 941 1770 1010 spiritus

982 1039 1106 1093 «exierit
1127 1038 1161 1091 ab
1183 1038 1307 1102 bomine,
1331 1037 1450 1091 ambulat
1470 1051 1520 1105 per
1541 1035 1599 1090 loca
1621 1034 1769 1103 inaquosa,

981 1145 991 1179 ι
1007 1142 1131 1197 quaerens
1145 1127 1276 1196 requiem,
1287 1135 1315 1182 et
1328 1141 1383 1182 non
1397 1126 1555 1191 inveniens,
1567 1124 1651 1180 dicit:
1671 1124 1762 1179 lieter-

982 1234 992 1268 ι
1009 1218 1087 1273 tariu
1100 1217 1209 1273 donnum
1224 1231 1313 1272 meam
1328 1215 1398 1271 unde
1412 1215 1494 1272 exivi.
1515 1215 1547 1269 Et
1567 1229 1630 1270 cum
1647 1215 1770 1276 venerit,

982 1323 992 1356 ι
1010 1307 1130 1361 inveniet
1149 1320 1209 1361 eam
1231 1307 1321 1377 scopis
1338 1305 1505 1361 mundatam.
1524 1306 1558 1360 Et
1574 1314 1639 1360 tunc
1657 1306 1732 1361 radit
1744 1317 1773 1363 et

982 1415 993 1449 ι
1010 1399 1123 1454 assumit
1137 1406 1240 1468 septem
1251 1397 1320 1454 alios
1338 1399 1449 1469 spiritus
1463 1413 1555 1455 secum
1569 1399 1714 1468 nequiores
1730 1413 1770 1453 se.

983 1509 993 1545 t
1010 1490 1044 1546 Et
1058 1492 1172 1562 ingressi
1182 1492 1305 1548 habitant
1315 1492 1362 1548 ibi.
1372 1491 1406 1546 Et
1419 1491 1488 1548 liunt
1497 1491 1642 1549 novissima
1653 1491 1772 1547 bominis

984 1599 993 1632 ι
1012 1581 1083 1636 illius
1093 1582 1185 1655 pejora
1195 1583 1340 1652 prioribus.
1355 1581 1467 1638 Factum
1480 1591 1522 1638 est
1534 1591 1624 1637 autem
1638 1597 1700 1637 eum
1713 1582 1773 1638 bac

143 1683 298 1740 munionem
323 1682 405 1737 babet
428 1680 561 1736 malorum
582 1693 708 1749 operum,
734 1675 930 1744 comparticeps
984 1671 1126 1737 adiceret,
1141 1674 1274 1730 extollens
1287 1689 1380 1731 rocem
1393 1675 1515 1745 quaedam
1528 1675 1667 1731 mulicrde
1682 1677 1773 1738 turba.
1835 1669 1845 1682 ’

142 1788 208 1830 reru
224 1771 417 1842 isappellatnr‚
431 1770 477 1840 qui
491 1785 551 1824 cum
571 1768 631 1822 aliis
643 1774 686 1822 est
698 1767 842 1836 particeps.

176 1863 267 1920 Eratis
281 1863 350 1918 enim
365 1862 507 1933 aliquanda
518 1860 640 1922 temere,
656 1876 725 1913 nanc
739 1868 827 1912 autem
842 1856 889 1912 lux
904 1858 932 1912 in

142 1952 265 2009 Domino
279 1952 346 2007 Cum
357 1959 469 2023 propter
481 1949 611 2005 malitiam
628 1948 747 2004 tenebrae
760 1954 932 2012 vocarentur,

944 1739 969 1798 Β
986 1782 996 1818 ι
1014 1764 1083 1820 dixit
1101 1764 1159 1820 illi:
1179 1765 1277 1821 Beatm
1291 1772 1386 1822 tenter
1397 1766 1443 1837 qui
1455 1774 1483 1821 te
1497 1767 1630 1837 portarit,
1650 1774 1677 1820 et
1690 1765 1773 1820 ubera

986 1877 995 1910 ι
1012 1873 1074 1928 quae
1088 1858 1194 1915 suxisti.
1210 1857 1245 1913 Αι
1259 1858 1303 1914 ille
1317 1858 1394 1915 dixit.
1408 1857 1553 1927 dalaima,
1571 1858 1643 1913 beati
1662 1857 1707 1926 qui
1723 1872 1772 1912 aa·

986 1967 996 2001 ι
1012 1948 1090 2005 diunt
1101 1949 1213 2005 terbum
1226 1949 1274 2004 liei
1285 1956 1314 2004 et
1325 1949 1481 2004 custodiunt
1493 1947 1568 2002 illud.
1587 1965 1595 2000 ι

145 2045 180 2100 ad
189 2045 300 2100 meliora
309 2031 443 2109 conversi,
452 2058 525 2098 nunc
534 2042 582 2098 iux
592 2041 761 2113 appellantur
771 2040 799 2094 ln
808 2038 931 2095 Domine
1017 2037 1085 2094 Erat
1096 2038 1174 2095 letas
1184 2039 1291 2110 ejiciens
1302 2038 1471 2102 demonium,
1483 2046 1507 2092 et
1518 2035 1585 2090 illud
1596 2044 1650 2088 erat
1661 2045 1771 2097 neutram,

145 2129 238 2190 Omnis
252 2133 324 2188 enim
338 2132 383 2200 qui
396 2139 525 2201 operatur
536 2131 649 2195 malum.
663 2129 719 2185 odit
734 2129 831 2191 lucem,
846 2127 878 2183 de
889 2127 932 2198 ju·
983 2138 1009 2185 et
1031 2146 1090 2184 cam
1110 2130 1227 2201 ejecisset
1250 2129 1427 2191 demonium,
1451 2126 1563 2181 locutus.
1578 2134 1614 2179 ert
1633 2135 1719 2177 narnus
1729 2164 1737 2189 ,
1749 2133 1773 2176 et

143 2224 195 2281 atis
207 2223 317 2279 dicitur:
335 2222 413 2277 Naar
424 2230 511 2278 astam
527 2220 574 2276 isa
585 2222 614 2275 itt
625 2220 749 2274 Domino.
763 2218 934 2273 Tenebrosua
982 2221 1121 2275 admirato
1139 2230 1199 2275 rant
1221 2221 1314 2276 tario.
1337 2221 1387 2288 (Ea
1409 2206 1502 2290 Beda.)
1525 2216 1710 2272 limmouiacus
1723 2215 1775 2269 iste

144 2323 188 2370 est
199 2322 226 2369 et
239 2314 309 2368 lilius
327 2313 415 2369 noetis
427 2319 509 2381 atque
529 2310 721 2372 tenebrarum,
744 2306 789 2376 qui
806 2313 934 2376 operatur
983 2308 1054 2378 apud
1071 2306 1237 2373 ilattbaeum,
1261 2323 1314 2362 nnn
1335 2310 1423 2364 selum
1445 2318 1550 2371 mutus,
1574 2306 1664 2361 sedet
1687 2320 1775 2360 eacus

145 2402 258 2467 natam,
273 2401 319 2471 qui
333 2416 396 2456 vero
409 2407 539 2470 operatur
552 2399 694 2454 vamtatem
708 2404 736 2452 et
746 2395 774 2451 iu
788 2396 875 2452 luceru
888 2409 933 2449 re·
982 2396 1066 2453 inisse
1080 2405 1217 2453 narratur.
1232 2397 1401 2468 duratusque
1416 2398 1515 2453 dicitur
1527 2413 1542 2450 a
1555 2397 1680 2460 benninc,
1696 2395 1731 2450 ita
1746 2403 1775 2448 ut

144 2491 186 2546 nit
199 2490 243 2546 lux
256 2497 336 2545 estet
350 2489 422 2545 lilius
433 2489 504 2545 lucis
516 2496 545 2543 et
557 2486 618 2542 diei.
983 2485 1138 2558 loqueretur
1150 2496 1178 2551 et
1195 2488 1308 2546 rideret.
1323 2488 1386 2542 Tria
1409 2502 1474 2557 ergo
1488 2488 1564 2555 signa
1584 2485 1663 2540 simul
1680 2485 1707 2539 in
1722 2473 1777 2539 uno

183 2576 206 2632 ll
208 2587 218 2632 t
228 2577 277 2646 filii
289 2576 356 2632 lucis
368 2576 510 2631 ambulate.
526 2574 555 2632 st
571 2577 642 2632 licus
655 2574 701 2630 lux
721 2583 803 2632 estet
816 2575 934 2630 tenebre
984 2576 1093 2634 bomine
1104 2586 1257 2648 perpetrata
1270 2584 1341 2633 sunt
1351 2575 1444 2632 Caecus
1453 2575 1536 2641 videt,
1545 2582 1635 2629 mutus
1645 2573 1776 2642 loquitur,

80 2684 84 2691 ·
146 2681 201 2723 non
223 2673 287 2720 aaut
303 2666 330 2720 in
354 2680 398 2730 eo,
412 2664 459 2719 lilii
474 2664 543 2721 lucis
557 2674 629 2732 sunt,
644 2680 760 2731 nemun,
775 2666 798 2720 si
813 2663 936 2720 Christus
984 2683 1125 2741 possessus
1136 2686 1152 2724 a
1164 2669 1296 2725 demonio
1311 2669 1449 2725 liberatur.
1462 2667 1538 2735 Qtrod
1549 2675 1578 2722 et
1590 2674 1654 2721 tunc
1666 2665 1777 2735 quidem

146 2755 192 2811 lux
206 2771 270 2811 vera
282 2764 333 2820 est,
348 2755 394 2810 atti
407 2770 513 2828 quoque
527 2754 595 2825 ejus,
617 2755 651 2811 aa
673 2753 881 2825 auosloeuitur.
893 2752 934 2808 ut·
985 2760 1130 2817 samanar
1142 2758 1243 2816 ancum
1257 2767 1309 2825 est,
1332 2758 1380 2814 sed
1399 2766 1427 2813 et
1445 2757 1566 2827 quotidie
1586 2755 1736 2827 conpletur
1749 2752 1776 2811 ιι

53 2905 54 2908 ,
147 2861 212 2902 cens
230 2864 237 2901 ε
256 2844 348 2902 Filioii
370 2847 435 2911 atei,
460 2845 546 2900 adhuc
569 2845 700 2900 modicum
723 2844 855 2900 villhaim
875 2859 934 2900 Μ
985 2847 1776 2920 conversionecredentium.utexpnlsoprimumdamone,

146 2936 237 3012 (¹⁰⁰²1·
270 2937 935 3009 ¹¹¹)2sslliiss10111cissussi·⁶¹i¹¹⁰⁰⁰ffliiii¹¹¹
986 2941 1049 3000 ddei
1062 2941 1154 2997 lumen
1167 2942 1307 3012 aspiciant,
1327 2940 1424 2997 deinde
1439 2940 1473 2994 ad
1486 2938 1579 2995 laudes
1594 2939 1640 2994 liei
1659 2937 1776 2993 tacentia

73 3098 81 3122 x
146 3030 255 3085 medem
281 3028 350 3083 lilius
368 3027 490 3083 esoebet
509 3027 611 3097 pairiS,
629 3028 675 3098 qui
692 3025 934 3095 ,suntiliicbristi
987 3032 1273 3106 priusoralaxentur.

146 3117 221 3176 lesu.
660 3164 663 3169 .
1022 3122 1137 3190 Quidam
1151 3132 1238 3177 autem
1251 3140 1284 3179 ea
1297 3125 1337 3179 itis
1352 3125 1476 3180 dicerunt
1488 3137 1497 3176 :
1511 3122 1545 3178 ln
1556 3121 1698 3177 beelsebub
1708 3122 1778 3192 ptin-

183 3205 299 3261 Frttcttta
310 3206 378 3260 caim
389 3215 426 3261 est
440 3204 668 3271 lucanetctetera.
682 3205 820 3277 Siquidem
832 3204 936 3262 lructus
987 3213 1042 3286 ripe
1053 3212 1243 3268 daemoniorum
1265 3215 1336 3284 ejicit
1357 3215 1497 3270 domania.
1513 3213 1563 3286 (Ex
1578 3211 1699 3285 Hieron.)
1719 3211 1778 3267 Non

148 3297 216 3355 lucit
229 3312 282 3352 non
293 3297 378 3353 solum
393 3305 436 3354 esi
449 3297 477 3352 in
492 3298 628 3361 bonitale,
644 3297 691 3354 ⁸⁰⁴¹
705 3298 732 3354 5¹¹
745 3296 854 3365 ι’ῑιθῑἰιίι
866 3305 896 3352 Θῑ
908 3297 935 3352 ἰιῐ
987 3305 1046 3361 haec
1057 3304 1139 3377 aliqui
1152 3308 1185 3362 de
1200 3307 1288 3372 turba,
1307 3307 1354 3362 scd
1367 3306 1490 3378 pharisei
1503 3305 1738 3361 calumniabantur
1751 3312 1778 3359 et

146 3387 334 3452 veritate,ubi
350 3387 440 3459 itaque
463 3387 636 3453 bonitasest,
653 3388 689 3442 ibi
707 3387 872 3459 etjustltia:
890 3387 936 3444 ubi
988 3395 1103 3462 scribae,
1130 3396 1200 3453 sicut
1222 3397 1267 3452 alii
1295 3398 1474 3469 avangelista
1503 3406 1647 3454 testantur.
1681 3396 1778 3451 Turbis

144 3475 261 3547 justitia,
282 3479 319 3534 ibi
342 3489 540 3549 consequenter
558 3487 586 3536 et
607 3478 717 3535 veritas.
737 3479 815 3549 Apud
835 3479 937 3537 benun
987 3485 1104 3556 qnippe,
1118 3501 1179 3556 quae
1191 3487 1280 3543 minus
1292 3488 1404 3545 erudite
1419 3488 1594 3553 videbantur,
1611 3485 1658 3544 liei
1672 3501 1779 3558 semper

148 3583 212 3640 erqo
224 3569 325 3626 Christi
339 3570 458 3636 Patrem,
470 3579 501 3626 ut
510 3571 560 3642 ipsi
572 3585 679 3641 quoque
689 3570 851 3635 latentur,et
861 3571 938 3627 boni·
988 3575 1060 3631 iaeta
1073 3575 1242 3644 mirantibus,
1257 3577 1295 3632 illi
1308 3588 1412 3645 contra,
1423 3578 1465 3634 vel
1477 3595 1576 3651 negare
1588 3579 1655 3645 itate,
1666 3578 1707 3634 rel
1718 3594 1779 3649 qna·

149 3666 192 3714 tas
203 3667 246 3714 est
259 3670 286 3715 et
299 3660 398 3714 veritas
409 3678 416 3713 ι
427 3660 472 3715 ubi
486 3669 576 3716 autem
591 3662 697 3718 bonitas
706 3669 734 3717 et
746 3661 855 3726 veritas,
866 3661 938 3732 apud
988 3680 1087 3738 negare
1101 3667 1289 3737 nequiverant,
1305 3669 1414 3725 sinistra
1432 3671 1653 3741 interpretatione
1667 3686 1778 3742 perser-

149 3745 247 3845 ipsum,
266 3754 294 3803 et
307 3761 361 3801 non
376 3749 447 3819 apud
458 3749 548 3815 alium,
565 3759 595 3805 ut
608 3766 680 3806 aune
692 3749 836 3820 apostotus
847 3750 936 3817 docet,
988 3763 1046 3812 tere
1057 3757 1227 3825 laborabant,
1241 3760 1319 3828 quasi
1332 3774 1387 3815 non
1401 3761 1459 3817 baec
1477 3762 1642 3828 diminues,
1657 3762 1704 3816 sed
1725 3777 1777 3816 tm·

145 3835 250 3907 Justitia
272 3844 323 3892 est.
344 3836 478 3909 intelligat
497 3854 604 3910 quoque
618 3840 737 3896 llareiuu
752 3842 840 3911 ipsum
859 3842 939 3898 curi·
988 3849 1081 3904 mundi
1094 3850 1298 3923 spiritusnpera
1309 3850 1433 3908 luissent.
1444 3853 1506 3910 ldco
1518 3854 1545 3909 in
1559 3853 1722 3919 beelzebub,
1733 3854 1779 3924 qui

150 3930 222 4025 ⁸1⁰³}
242 3922 401 3990 b0¹¹ii³¹t¹⁰b
419 3926 562 3983 tesimeni
585 3935 612 3982 0²
630 3927 763 3998 iusilfiim
776 3931 936 4001 nuncupati·
989 3939 1055 3994 deus
1072 3949 1131 3995 erat
1144 3940 1278 3996 Aeeamn.
1292 3941 1360 3996 Nam
1380 3943 1441 3997 licei
1456 3945 1563 4012 quidem
1577 3945 1634 4014 ipse
1649 3952 1692 3998 est
1705 3944 1778 3998 linai.

150 4011 302 4070 &ammam
315 4013 342 4069 in
357 4029 401 4079 00·
416 4016 487 4085 quod
500 4033 552 4072 unu
565 4019 713 4089 meandum
729 4033 821 4090 opera,
835 4021 883 4078 sed
895 4037 939 4078 se-
988 4030 1083 4085 zebub
1105 4040 1210 4094 autent,
1232 4047 1324 4086 musca
1341 4042 1461 4086 roratur.
1483 4032 1537 4088 Nec
1556 4031 1634 4100 juxta
1656 4034 1781 4103 quedam

150 4105 266 4204 cundum
276 4105 489 4164 misericordiam
499 4109 543 4165 det
553 4111 666 4182 qratiam
677 4114 849 4172 credentibus
856 4115 936 4182 inse;
988 4121 1117 4175 mendosa
1139 4121 1316 4191 exemplaria,
1334 4120 1447 4178 ilittera
1462 4123 1504 4179 vel
1524 4123 1542 4176 d
1563 4124 1590 4178 in
1609 4124 1663 4179 line
1675 4131 1718 4179 est
1732 4140 1782 4178 nn-

147 4195 250 4262 Justitia
261 4197 289 4251 in
300 4216 343 4264 eo,
357 4197 419 4253 dum
432 4199 574 4270 unicuique
585 4203 709 4258 retribuit
719 4204 791 4274 qaod
802 4217 937 4272 meretur;
988 4211 1070 4267 minis
1079 4211 1202 4280 legenda,
1211 4211 1258 4267 sed
1267 4211 1291 4265 i.
1300 4212 1450 4268 Beelzebub
1463 4228 1529 4286 ergo
1538 4213 1601 4268 Baal
1614 4228 1779 4281 muscarum,

149 4303 231 4358 porro
260 4291 372 4356 veritas,
397 4293 460 4348 dura
491 4294 547 4364 ipse
572 4297 646 4353 solus
680 4314 778 4356 causas
797 4311 937 4357 creatura·
989 4302 1080 4366 idest,
1097 4303 1317 4369 rirmttsearum,
1332 4303 1502 4360 sirebabens
1517 4319 1632 4370 arescas,
1648 4305 1781 4375 interpre-

151 4393 210 4433 rum
224 4381 343 4436 omnium
360 4399 504 4454 remmque
516 4391 664 4459 cognoscit.
991 4398 1074 4445 tatur.
1098 4390 1139 4447 bn
1163 4392 1257 4448 sordes
1270 4393 1396 4450 videlieet
1419 4395 1582 4450 immolatitii
1601 4397 1721 4459 erueris,
1745 4413 1778 4451 ex

339 4487 507 4529 nauscantes
527 4493 611 4542 cuce,
632 4494 690 4534 cae.
710 4497 747 4535 ιι.
989 4479 1067 4549 cuias
1083 4483 1258 4553 spurcissimo
1271 4485 1324 4538 ritu
1338 4485 1380 4539 rel
1394 4488 1502 4542 numina
1514 4489 1662 4557 principem
1676 4489 1779 4544 damo-

189 4577 199 4611 ι
218 4558 283 4613 Erat
299 4559 377 4617 lesus
389 4561 499 4630 ejiciens
512 4566 683 4635 daemomurn,
698 4584 726 4627 et
737 4573 938 4630 illuderatmu-
991 4570 1098 4626 {tiorum
1112 4573 1347 4642 cognominabant·

155 4671 166 4705 a
182 4661 249 4709 tum.
266 4652 371 4709 Etcum
387 4654 513 4726 ejecisset
526 4658 698 4730 daemonium,
712 4663 817 4721 locutus
829 4675 872 4722 est
883 4684 940 4723 ntu-
1029 4661 1062 4716 Et
1077 4662 1123 4716 atti
1136 4673 1275 4730 tutantes,
1289 4665 1390 4736 riqnunt
1405 4665 1438 4719 da
1451 4664 1515 4719 celo
1527 4667 1677 4736 querebant
1692 4670 1725 4723 ai
1739 4687 1781 4724 oe.

155 4761 165 4795 ι
181 4751 234 4808 tus,
248 4752 274 4798 ct
288 4745 425 4803 admiratae
439 4753 605 4808 sautturbae.
620 4753 734 4821 Quidam
749 4767 838 4813 numm
853 4760 940 4816 exeis
992 4749 1153 4823 (Medi-i
1168 4753 1257 4808 Velia
1272 4769 1374 4809 ¹¹¹0st'ffl
1390 4754 1486 4821 Hellae·
1509 4757 1597 4827 lenem
1619 4756 1654 4813 de
1675 4758 1782 4815 sublimi

156 4851 165 4884 ι
182 4834 326 4891 dixerunt:
345 4836 373 4893 ln
387 4837 536 4896 Beelzebub
549 4844 671 4915 principe
689 4847 880 4905 daemottiorum
893 4849 940 4919 eii·
993 4841 1087 4896 venire
1101 4842 1256 4912 cupiebant,
1267 4845 1308 4899 rel
1319 4845 1346 4899 in
1357 4844 1558 4901 similitudinem
1573 4845 1707 4904 Samuelis
1717 4857 1783 4905 teni·

156 4939 166 4973 r
185 4922 222 4978 cit
238 4924 380 4980 demonia.
401 4925 435 4981 tn
456 4929 502 4984 alii
524 4939 677 4998 tentantes,
697 4934 803 5005 siguum
823 4939 857 4993 de
872 4939 942 4995 coelo
991 4951 1057 5006 pore
1069 4937 1164 4992 esdra
1176 4939 1281 5007 mugire
1292 4940 1423 5003 tonitrua,
1440 4955 1586 4996 corruscare
1602 4941 1715 5013 sulpura,
1732 4944 1781 4997 im-

157 5028 167 5062 t
185 5014 341 5118 querebant
357 5016 391 5072 ab
402 5032 443 5073 cu.
457 5017 516 5090 ipse
530 5031 619 5079 autem
639 5033 668 5078 ut
680 5025 749 5080 sidit
766 5028 943 5097 cogitationes
992 5029 1056 5083 lares
1069 5041 1159 5092 ruere,
1173 5028 1250 5096 quasi
1265 5042 1318 5083 non
1340 5029 1447 5098 possint
1464 5038 1491 5085 et
1509 5031 1561 5085 alia
1584 5031 1741 5087 calumniari
1755 5042 1783 5089 et

159 5120 169 5154 ⁸
184 5118 288 5169 wilm·
302 5103 371 5161 dixit
387 5109 444 5164 eis:
464 5107 549 5167 Onute
561 5127 673 5183 regnum
685 5115 712 5170 ia
727 5131 756 5173 sc
768 5117 856 5187 ipsum
872 5118 942 5174 diti·
993 5120 1094 5186 dicere,
1110 5136 1144 5175 cx
1161 5121 1275 5177 occultis
1290 5130 1319 5176 et
1335 5123 1420 5178 uariis
1434 5125 1507 5180 acris
1523 5127 1693 5195 passionibus
1709 5128 1781 5183 acci-

158 5208 244 5298 ‘⁸¹}¹¹¹
264 5195 444 5265 dewlibiiuh
460 5209 487 5256 0¹
510 5201 606 5269 illimus
619 5221 701 5276 supra
719 5205 829 5264 domum
853 5211 942 5266 cadet.
994 5214 1075 5270 disse.
1098 5213 1134 5268 At
1153 5222 1181 5268 tu
1203 5214 1248 5285 qui
1267 5213 1442 5270 ealrtmniaris
1465 5231 1496 5271 ca
1513 5232 1574 5288 quae
1596 5218 1681 5273 oculis
1696 5221 1781 5286 rides,

158 5302 168 5336 ι
186 5283 215 5340 St
230 5293 319 5342 autent
332 5295 358 5388 et
372 5287 487 5349 Satautu
510 5291 536 5347 in
555 5295 674 5365 seipsum
692 5297 796 5355 divisus
807 5309 858 5364 est,
878 5318 942 5371 que
994 5321 1075 5360 manu
1091 5314 1182 5371 tenca,
1198 5306 1315 5361 utilitate
1328 5308 1421 5374 nentis,
1437 5310 1502 5380 qnid
1526 5310 1593 5366 lauris
1612 5313 1645 5366 de
1663 5311 1706 5366 his
1722 5327 1783 5381 qun

158 5389 168 5425 t
185 5374 360 5480 ⁰¹⁰⁶⁰f⁸³b¹¹
375 5392 487 5450 regnunt
501 5380 578 5450 ejus?
597 5385 660 5455 quia
672 5387 779 5444 dicitis:
797 5390 826 5444 ln
839 5391 943 5449 lieelce·
995 5395 1028 5452 de
1041 5396 1111 5451 coelo
1123 5396 1268 5452 uenerint?
1281 5398 1373 5466 utique
1395 5400 1581 5470 respondebis,
1596 5411 1623 5457 et
1644 5417 1737 5473 magos
1753 5403 1783 5458 in

159 5481 168 5514 t
184 5463 245 5570 bnb·
251 5481 347 5538 ejicere
355 5484 397 5525 me
405 5470 546 5527 lemonta.
555 5473 583 5528 Si
591 5487 681 5532 autem
695 5494 744 5549 eqo
755 5481 782 5536 in
793 5482 942 5540 beelzebub
995 5482 1113 5555 AEgypto
1124 5483 1207 5539 multa
1219 5484 1296 5555 signa
1312 5484 1410 5543 iecisse
1423 5489 1455 5543 ‘lc
1466 5489 1640 5560 coelolitaod.
1653 5490 1782 5563 rn,rttt).

160 5552 264 5660 ‘infit
281 5558 422 5661 demonia,
438 5562 485 5618 tiit
509 5567 590 5621 vestri
609 5568 636 5622 in
656 5584 709 5638 quo
730 5570 863 5640 ejiciunt?
881 5576 943 5630 ideo
1031 5575 1091 5646 ipse
1106 5587 1192 5630 aetem
1206 5586 1235 5631 st
1251 5579 1313 5632 uidit
1335 5580 1504 5650 copitationcs
1518 5599 1625 5647 corant,
1645 5581 1711 5636 diaa't
1726 5584 1784 5638 eis:

160 5657 169 5694 ¹
186 5640 236 5712 'Pi'
248 5648 351 5718 i¹¹⁸l¹⁰⁰⁵
365 5653 446 5707 vestri
460 5663 549 5740 causti.
562 5654 647 5715 Porro
659 5659 681 5714 ai
696 5658 723 5716 in
739 5661 821 5734 digitu
835 5664 881 5721 Dei
895 5667 942 5738 eji·
996 5664 1080 5721 Oetae
1094 5682 1201 5738 reparant
1216 5667 1243 5722 in
1257 5668 1368 5738 seipsam
1382 5669 1493 5726 dinisam
1515 5671 1685 5741 desolabitur,
1701 5684 1724 5728 ct
1736 5674 1784 5729 tio-
