3810 6120
140 315 209 372 ¹079
638 308 831 367 piscantis
846 310 867 376 l,
887 309 1063 367 banniret
1082 310 1257 371 boemus.
1699 314 1772 374 ¹080

135 446 189 502 qne
203 432 311 485 inserita
324 428 463 497 colligens,
476 440 575 493 inagna
587 424 770 479 venerationis
784 421 882 477 allecta
896 422 923 477 in
936 425 962 485 Α
974 424 1058 479 etiarn
1065 423 1215 479 incircuitu
1223 424 1317 479 altaris
1329 423 1386 479 sela
1394 425 1572 478 rubeaserree
1581 432 1771 492 quatuorcnm

132 501 189 570 jera
211 501 290 555 dieta
307 505 407 552 sanctae
424 494 524 549 Cbristi
542 494 671 564 niartyris
686 492 817 547 Praxedis
837 492 924 547 eccle-
975 491 1513 565 gammadiis,etcrncesdeqnadrapulo.
1540 490 1590 547 ilie
1606 496 1772 555 reimmbilis

136 572 215 633 riam,
230 582 310 638 quani
325 565 485 620 mirabiliter
497 578 630 619 renovans
644 570 845 625 construxerat,
860 576 924 617 cnm
974 562 1073 633 praesul
1084 562 1297 618 obtulitintrabe
1306 563 1537 618 anterestibnlum
1550 561 1775 630 aitarisrclafp·

134 640 255 695 omnium
269 636 443 691 advocatione
453 634 646 696 Romanorum,
656 632 799 702 episcopis,
812 633 924 703 presby-
975 633 1086 698 riatria,
1102 642 1130 687 et
1144 633 1178 687 de
1195 632 1361 702 quadrupulo
1370 632 1499 701 quinque.
1514 631 1542 685 ln
1560 633 1772 701 arcusmajnree

134 710 212 772 teris,
226 707 384 761 diaconibus
394 713 422 760 et
432 704 538 759 clericis
551 704 657 757 lotidem
671 703 726 757 lieo
737 701 922 771 psallentibus,
973 702 1092 770 eiusdem
1103 702 1224 758 eeclesiae
1240 702 1303 757 lecit
1316 702 1375 756 vela
1388 703 1421 757 de
1434 701 1601 770 quadrapnla
1615 704 1726 773 viginti,
1741 717 1771 763 et

134 779 279 849 ‹lepnrtans
302 775 460 831 recondidit.
484 774 549 840 Qua·
572 775 635 827 darm
655 771 818 827 sanctissimi
841 781 923 840 atque
973 771 1351 854 perarcuspresbyteriivela
1363 772 1490 894 garrede
1503 780 1768 897 stauraceguatuar,

133 846 282 917 coangelici
295 844 419 914 praestilit
432 843 525 899 intima
540 843 628 897 cardis
642 842 778 910 vigilantia
799 856 924 910 gereren-
974 842 1108 911 simulque
1125 858 1154 896 m
1166 842 1287 912 ingressu
1300 856 1364 911 pres
1373 843 1461 912 nyterii
1472 841 1530 897 rela
1542 841 1623 911 Tyria
1656 860 1700 900 ua.
1717 845 1768 903 ttie

133 927 193 979 tur,
215 924 244 971 nt
269 915 468 970 reconditarum
489 914 586 967 ibidem
605 921 761 965 sanctarum
778 925 922 978 carporum
973 911 1311 981 benignissinmspantilex
1325 911 1390 965 lecit
1400 914 1427 965 in
1440 912 1562 981 ingressu
1570 912 1768 980 iamdictaec·

133 986 191 1041 lieo
213 985 395 1041 indesinenter
417 999 448 1038 eu
519 991 592 1037 astra
613 980 776 1051 placentium
798 980 923 1048 precibus
973 982 1064 1035 alesia
1076 982 1194 1036 cortinas
1206 980 1322 1048 majores
1335 983 1369 1037 de
1386 982 1551 1050 quadrapnlu
1565 998 1627 1038 cam
1639 984 1768 1056 periclysi

134 1055 204 1125 apud
222 1055 432 1124 omnipotentem
487 1053 588 1105 minum
596 1051 745 1120 iuraretur
765 1049 923 1104 Construsit
973 1051 1126 1106 dolandata
1135 1051 1342 1105 miriiiacralde.

133 1126 161 1180 in
174 1126 269 1181 eodem
282 1124 342 1179 locu
356 1139 372 1178 a
384 1123 564 1178 iirrrdamentis
577 1119 741 1183 emirabium,
755 1118 826 1189 quad
836 1126 863 1174 ct
874 1135 924 1173 na-
1008 1120 1108 1175 Cbristi
1131 1135 1248 1190 nemque
1261 1122 1455 1190 omnipotentis
1472 1120 1579 1177 borninl
1593 1120 1722 1190 lamarlns,
1739 1133 1768 1183 et

132 1195 207 1249 mine
227 1193 475 1249 sanctel’raredis
496 1191 609 1260 virginis
628 1189 756 1244 titulavit.
776 1187 804 1242 ln
824 1197 923 1257 quaet
973 1190 1184 1257 prenuntiatus
1203 1190 1323 1259 paritilea
1347 1191 1494 1245 niaximum
1516 1192 1563 1246 liei
1587 1190 1767 1249 aeclesiarum

132 1272 253 1318 muctam
268 1263 422 1319 Graecarum
436 1261 672 1331 congregationem
682 1274 849 1329 aggregans,
862 1273 922 1327 qiiae
973 1274 1067 1313 curam
1093 1267 1122 1313 et
1145 1258 1352 1314 sollicitudinem
1379 1260 1550 1328 praesidendo
1580 1261 1768 1319 indesinentes

134 1334 178 1388 die
192 1342 327 1405 noctuque
338 1332 439 1387 Graece
450 1330 642 1385 modulationis
656 1329 812 1397 psatinmin
829 1328 923 1383 laudes
972 1342 1079 1396 gerens,
1097 1344 1160 1383 cnm
1172 1330 1287 1397 quadam
1297 1328 1343 1384 die
1354 1330 1485 1385 arationis
1504 1332 1592 1386 studio
1609 1332 1644 1385 ad
1663 1342 1768 1389 sancta

132 1403 308 1472 omnipotenti
329 1403 384 1461 lica
399 1402 553 1469 sanctisque
566 1400 636 1455 illius
652 1397 750 1453 ibidem
763 1398 923 1467 quiescenti·
973 1397 1021 1452 lici
1043 1398 1083 1451 vir
1103 1397 1155 1452 inis
1169 1397 1323 1467 Christique
1338 1400 1467 1473 nrartyris
1484 1400 1523 1469 (a)
1543 1399 1658 1455 dantia
1676 1403 1767 1459 eccle<

132 1472 183 1527 bus
197 1472 289 1527 sedula
301 1472 475 1542 persolveret,
494 1469 652 1525 introduxit.
677 1467 817 1537 Siquidem
832 1468 859 1521 in
876 1482 923 1523 ea·
973 1467 1042 1546 siam
1060 1414 1208 1533 adveniret,
1229 1469 1313 1523 nimia
1327 1467 1383 1537 jani
1401 1479 1528 1537 quassate
1547 1471 1623 1525 senia
1641 1472 1767 1528 ecclesiae

132 1541 194 1595 dem
218 1542 364 1597 reirorabili
382 1541 546 1596 monasterio
564 1538 679 1609 plurima
698 1538 840 1591 conferens
855 1551 923 1606 pre-
973 1536 1094 1601 eiusdem
1119 1538 1220 1593 irioenia
1237 1538 1320 1593 etiam
1338 1555 1354 1593 a
1374 1537 1554 1595 laudamentis
1576 1540 1682 1595 ruitura
1702 1560 1709 1595 :
1728 1543 1767 1597 ri-

130 1612 187 1674 dia,
203 1621 231 1665 et
244 1612 444 1679 pmsessionum
457 1609 516 1663 laea
532 1612 644 1673 trebana,
660 1606 703 1661 rel
715 1606 813 1660 rustica
826 1622 921 1675 saper·
973 1607 1040 1661 dens
1050 1622 1110 1676 quaa
1125 1622 1173 1675 per
1181 1607 1284 1662 olitana
1293 1616 1414 1678 tempora
1425 1607 1530 1663 deiectu
1539 1612 1683 1667 vetustatis
1694 1627 1768 1666 mar·

77 1720 80 1725 ,
131 1678 184 1733 line
197 1687 278 1750 atque
292 1681 459 1735 abundanter
473 1679 577 1732 ditavit.
601 1676 727 1744 Quinimo
741 1684 769 1729 et
782 1675 809 1728 in
826 1678 920 1731 eandem
972 1685 1104 1740 carerent,
1122 1685 1150 1731 et
1162 1691 1230 1745 pene
1245 1676 1331 1733 ruinis
1343 1677 1481 1733 coiilraeta
1496 1679 1540 1733 din
1555 1680 1708 1748 antiquitus
1726 1681 1766 1735 ia·

129 1749 243 1803 melesio
258 1747 322 1803 lecit
335 1749 483 1803 oratoriam
495 1748 565 1801 beati
575 1746 691 1802 Zeironis
703 1743 804 1799 Cirristi
821 1756 921 1815 rnarty-
936 1762 958 1819 g
972 1753 1063 1826 ceratii
1077 1748 1232 1810 irrairiebant,
1251 1748 1315 1803 dato
1327 1747 1417 1802 studia
1436 1748 1526 1818 aperis
1546 1748 1640 1804 eadem
1658 1751 1688 1805 ia
1707 1750 1770 1807 luco

131 1819 182 1881 ris,
194 1819 241 1879 ubi
254 1828 282 1872 et
293 1819 508 1873 sacratissimum
521 1815 580 1884 ejas
591 1831 691 1887 carpus
704 1816 922 1884 paneasmnsivo
972 1814 1118 1884 magnifico
1130 1829 1214 1884 apere
1228 1831 1325 1872 noram
1339 1826 1496 1873 construere
1508 1819 1649 1875 ecclesiam
1666 1822 1768 1891 caepit,

131 1902 176 1942 am
196 1887 296 1942 liantor
307 1889 423 1945 ornarit.
971 1892 1000 1939 et
1023 1883 1145 1939 erficere
1159 1886 1226 1939 satis
1239 1886 1377 1940 meliorem
1397 1902 1477 1955 qnam
1493 1886 1582 1944 luerat
1599 1890 1709 1944 sardnit.

188 1958 242 2012 ecit
252 1965 343 2011 autem
355 1958 382 2011 in
392 1957 485 2011 cadem
496 1955 609 2013 ecclesia
624 1954 756 2009 cibariam
767 1971 799 2011 es
810 1963 921 2023 argenta
1044 1955 1061 2008 d
1078 1969 1166 2024 neque
1183 1954 1246 2010 iliud
1259 1957 1475 2024 praetereundam
1487 1973 1548 2013 esse
1559 1958 1763 2026 existimamus,

129 2041 248 2096 pensans
262 2025 345 2081 libras
362 2034 532 2108 octingentas
549 2035 578 2080 et
592 2026 696 2086 decem.
713 2025 768 2079 imo
786 2034 813 2079 et
828 2024 920 2092 propi·
972 2022 1036 2079 dum
1050 2024 1166 2093 quadarn
1184 2023 1228 2080 die
1245 2026 1280 2080 ad
1299 2026 1371 2081 beati
1389 2024 1461 2081 Petri
1479 2028 1610 2097 principis
1627 2028 1769 2097 apostolo-

129 2097 269 2151 tiatorium
284 2097 355 2151 sacri
372 2097 464 2150 altaris
479 2112 513 2150 ex
530 2095 666 2165 argenteis
680 2094 787 2149 murrinis
807 2093 921 2148 inirilice
973 2107 1032 2146 rum
1043 2093 1184 2149 ecclesiam
1196 2092 1329 2165 perger'et,
1339 2105 1473 2162 quatenns
1483 2099 1553 2166 apud
1564 2099 1693 2153 eumdem
1704 2099 1769 2155 bea·

129 2167 282 2220 exornavit.
306 2164 509 2221 &talassionem
527 2166 588 2220 deni
611 2182 644 2219 nc
664 2164 722 2231 ajin
739 2181 799 2219 cairi
819 2163 922 2232 nugalis
973 2170 1029 2216 tum
1043 2161 1155 2217 Petram
1168 2164 1319 2233 apostolum
1332 2164 1413 2221 solito
1425 2181 1501 2221 more
1516 2166 1622 2236 vigilias
1639 2168 1768 2224 celebre·

130 2237 188 2289 sais
216 2236 330 2291 interius
360 2237 534 2304 exteriusque
562 2182 708 2289 sairanem
740 2235 921 2303 pulcherrime
972 2240 1139 2295 ret,etante
1152 2233 1273 2302 rjirsdem
1288 2234 1485 2291 contessionem
1502 2238 1678 2294 matutinales
1691 2239 1770 2295 luce-

129 2307 246 2374 compsit
262 2315 344 2373 atque
360 2307 508 2369 decorarit,
528 2320 587 2374 qam
603 2303 682 2359 simul
702 2313 818 2373 pensant
839 2303 922 2358 libras
972 2310 1064 2356 scente
1082 2303 1222 2358 Datiiinica
1241 2304 1335 2359 laudes
1352 2306 1473 2361 residens
1491 2307 1659 2371 decantaret,
1674 2309 1770 2363 subito

130 2384 277 2431 trecentas.
300 2376 387 2443 snper
414 2374 533 2442 einsiem
556 2374 719 2447 venerabilis
746 2375 830 2427 altare
855 2372 921 2427 iecit
971 2370 1115 2440 depressus
1141 2387 1238 2442 sopore
1262 2372 1331 2427 sidit
1358 2376 1533 2431 assistentem
1559 2377 1610 2431 sibi
1637 2378 1772 2449 virginali

129 2459 242 2513 reguiam
256 2444 458 2514 spammlystum
472 2460 505 2498 ex
518 2460 585 2498 aura
596 2443 683 2505 larisa,
695 2460 744 2498 seu
753 2442 869 2497 dirersis
883 2441 921 2495 la·
971 2448 1081 2509 aspectu
1097 2442 1212 2510 puellam
1231 2442 1361 2513 angelicis
1380 2445 1501 2502 restibus
1512 2447 1681 2510 decoratam,
1701 2448 1772 2503 talia

129 2513 238 2582 pidibus
251 2523 422 2578 aromatum,
436 2528 554 2582 pensans
567 2514 650 2568 libras
668 2513 727 2568 liet
744 2512 838 2567 uncias
853 2513 921 2567 duas
971 2509 1115 2567 locutionis
1135 2511 1262 2567 atramina
1288 2513 1431 2581 protulisse
1454 2516 1547 2571 dicens
1565 2533 1572 2569 z
1589 2516 1689 2573 blaten
1714 2518 1772 2573 tibi

129 2591 159 2636 et
177 2584 269 2639 semis.
294 2583 330 2639 Et
342 2584 368 2638 in
384 2585 480 2638 malem
498 2598 577 2638 sacra
595 2583 672 2638 aluri
690 2583 755 2637 lecit
772 2591 874 2636 restem
887 2581 921 2637 de
970 2578 1073 2650 gratias
1092 2581 1244 2646 referimus,
1269 2583 1332 2652 quia
1352 2593 1504 2649 cermanen,
1520 2586 1591 2654 (qnod
1607 2586 1641 2640 de
1657 2602 1704 2642 nae
1718 2587 1772 2646 ain

129 2653 306 2723 clrrysaelaro
325 2667 387 2708 carn
404 2653 518 2708 dirersis
530 2653 652 2707 bistariis
667 2653 743 2707 minc
758 2650 922 2722 magnitudi·
970 2665 1101 2719 posueras
1114 2650 1302 2707 frustratorias
1314 2653 1489 2709 relationibus
1504 2655 1670 2735 pervnlgatis
1685 2672 1771 2715 aurae

131 2722 176 2775 nis
196 2732 277 2791 atique
295 2722 505 2792 pulchritudinis
526 2730 695 2778 exornatam.
716 2721 792 2787 item,
812 2720 858 2775 nbi
878 2736 921 2776 sn·
971 2721 1180 2776 accommodans
1201 2723 1334 2791 reliquisti
1350 2721 1434 2795 [duod
1452 2724 1485 2777 ad
1504 2733 1634 2781 incertam
1649 2725 1771 2792 lamam,

132 2805 202 2860 pra,
225 2793 323 2847 obtulit
347 2793 427 2847 uliam
450 2802 551 2848 restem
574 2793 777 2863 chrysoclaram
796 2808 831 2847 ex
854 2806 920 2846 aura
970 2803 1051 2914 ffimm
1066 2791 1100 2845 de
1117 2807 1161 2845 me
1174 2807 1295 2860 sparsam
1315 2793 1359 2847 diu
1374 2791 1467 2848 lrustr.
1487 2811 1510 2848 r.
1527 2812 1553 2864 p.
1567 2810 1594 2848 a.
1609 2810 1772 2851 meorumn-

129 2862 296 2931 gemmisqne
315 2862 485 2928 catalectum,
506 2863 651 2919 babentem
676 2862 817 2917 historiam
838 2861 921 2926 virgi-
989 2875 1035 2914 ·re
1047 2859 1119 2932 rel.].
1142 2860 1245 2943 Quippe
1259 2861 1304 2931 qm
1320 2870 1485 2933 taritopcnas
1493 2880 1536 2920 me
1549 2863 1634 2928 luisti,
1649 2866 1690 2920 nti
1701 2880 1768 2933 pro-

129 2946 205 2995 mnn,
221 2946 282 2986 ciam
295 2931 398 2988 lacibus
417 2932 540 2988 acaarrsis
555 2932 669 2987 mirillce
685 2941 820 3001 coirrptam
839 2938 920 2999 atque
970 2929 1029 2999 prio
1052 2930 1124 3001 loqui
1147 2931 1260 2985 inncem
1279 2947 1327 2986 ore
1347 2940 1507 2988 valeremus.
1536 2933 1600 2989 liae
1616 2934 1672 2989 'am
1691 2950 1770 3004 saepe

128 2998 294 3055 decoratam.
321 3001 363 3056 da
384 3017 492 3057 sacmm
519 3001 634 3070 denique
658 3000 778 3071 ejusdem
807 3000 920 3070 virginis
970 2999 1098 3066 prelatus
1119 3001 1239 3070 pairblcx
1261 3001 1404 3069 diligenter
1424 3003 1538 3058 audiens
1565 3019 1580 3056 s
1630 3005 1688 3058 inse
1717 3020 1767 3059 re-

128 3084 228 3138 carpus
243 3070 339 3126 obtulit
356 3072 499 3140 imaginem
512 3085 547 3126 er
563 3069 671 3125 laminis
684 3071 818 3139 argenteis
832 3068 919 3140 preti·
970 3069 1079 3136 qiiirere
1101 3071 1185 3139 coepit
1207 3087 1268 3140 «puae
1290 3079 1364 3127 esset
1386 3072 1443 3140 ipsa
1462 3088 1523 3142 que
1546 3072 1609 3127 talia
1628 3072 1668 3127 illi
1681 3073 1768 3133 rerba

91 3193 93 3197 ,
148 3140 244 3202 aratis,
263 3149 421 3207 pensantem
436 3141 520 3194 libras
533 3142 679 3209 nonaginta
695 3151 723 3194 et
738 3153 845 3194 itatem.
869 3137 919 3193 llic
932 3108 956 3170 C
970 3137 1082 3216 diceret,
1095 3139 1138 3193 rei
1154 3155 1207 3208 qua
1219 3140 1328 3195 nomine
1346 3150 1499 3197 vocaretur.
1522 3142 1572 3199 Cui
1590 3142 1636 3197 illa
1653 3158 1767 3213 respon-

165 3208 338 3276 nignissimas
350 3209 449 3276 praesul
465 3207 529 3263 lecit
545 3207 572 3261 ln
584 3209 640 3275 jam
662 3208 734 3263 ‹licto
754 3206 919 3262 monasterio
969 3206 1009 3261 dit
1026 3224 1033 3261 :
1053 3207 1082 3263 Si
1102 3224 1199 3263 namen
1214 3210 1339 3278 inquiris,
1355 3209 1463 3267 Caecilia
1481 3209 1583 3267 briania
1595 3211 1698 3269 Cbristi
1718 3229 1765 3271 ro-

128 3277 278 3330 oratariam
291 3277 377 3331 beatae
389 3276 502 3347 Agnetis
518 3276 618 3332 Cbristi
636 3278 749 3348 virginis
767 3277 843 3331 mire
861 3276 919 3346 pul·
968 3290 1026 3330 aar.
1036 3275 1291 3346 ildquanrsnmnms
1302 3280 1531 3350 inquiensprasni
1540 3300 1547 3339 2
1557 3280 1700 3349 Quomodo
1709 3282 1766 3339 bac

128 3345 291 3401 claritudinis
309 3356 480 3402 exornatum.
513 3344 661 3401 Ecclesiam
684 3346 801 3416 denique
818 3354 919 3401 sancta
968 3346 1247 3415 crederepossumea
1281 3349 1766 3421 inadtntainarelaraat,qintenur

126 3415 177 3469 liei
190 3415 330 3486 genitricis
343 3432 445 3486 semper
470 3430 503 3470 ne
516 3416 628 3485 virginis
640 3415 732 3471 llariaa
743 3414 858 3471 dominae
870 3431 919 3471 na·
968 3362 1766 3490 ejusdemmiserabilis-‘iniistimartyriscecibaemrpuaaa

127 3494 202 3549 strae,
218 3502 280 3555 qnae
295 3432 618 3556 appellaturmiiamiaica,
640 3487 705 3541 alim
722 3493 917 3551 constructam,
967 3484 1111 3552 distulpbo
1121 3485 1360 3557 Langobardorum
1372 3503 1434 3560 rege
1445 3489 1581 3546 bostiliter
1592 3488 1684 3545 {ioniae
1696 3491 1772 3545 resi·

127 3564 155 3609 ct
168 3553 225 3625 jaan
241 3556 325 3610 ruinae
347 3557 499 3625 proximam
520 3556 614 3613 solerti
633 3556 771 3627 vigilantia
791 3554 919 3625 praelatus
968 3553 1048 3610 dente
1060 3555 1191 3612 lurtimet
1205 3556 1240 3612 ab
1252 3556 1323 3613 illius
1334 3559 1489 3615 bominibus
1502 3559 1599 3616 luisset
1613 3560 1762 3614 ablatum?

127 3624 249 3692 pontilex
261 3625 420 3692 ampliorem
435 3625 634 3695 melioremque,
648 3640 729 3694 quarn
743 3634 806 3680 ante
817 3624 918 3691 luerat,
969 3622 1018 3678 Cui
1030 3624 1096 3680 talia
1110 3626 1258 3681 venerabili
1272 3628 1393 3695 pontidci
1405 3628 1555 3695 intimanti,
1566 3630 1763 3700 omnipotentis

127 3693 481 3749 alandamantisaediticans
492 3695 641 3750 renovarit.
655 3695 837 3763 amitaeque
848 3693 920 3761 ejas-
969 3693 1016 3747 liei
1042 3693 1143 3749 lanmla
1168 3696 1237 3751 dixit
1252 3714 1258 3750 :
1275 3696 1344 3763 Quia
1359 3713 1401 3753 nie
1415 3699 1614 3765 desideranter,
1640 3707 1672 3754 ut
1682 3698 1758 3754 insc-

127 3764 189 3816 dcm
207 3763 328 3818 ecclcsiae
345 3765 449 3818 natisira
470 3763 584 3818 mirilico
599 3763 747 3821 (lacerarit.
770 3764 822 3821 Ubi
836 3765 919 3819 etiam
969 3764 1067 3824 nircat,
1082 3764 1251 3835 Langobardi
1265 3767 1456 3835 quaesiverunt,
1467 3770 1685 3825 amninaverum
1698 3777 1762 3825 est:

126 3839 155 3885 et
169 3833 285 3901 plurima
294 3833 390 3888 obtulit
403 3833 608 3898 doira3scilieet
620 3834 750 3889 cibariam
761 3849 796 3888 ex
807 3843 919 3903 argerrtn
969 3834 1017 3888 scd
1035 3834 1143 3889 bantini
1161 3835 1213 3891 mei
1241 3834 1305 3891 lesu
1334 3835 1435 3893 Cbristi
1461 3838 1654 3909 opitulatione,
1671 3838 1761 3893 etde

127 3916 245 3971 peirsans
260 3902 343 3959 libras
362 3912 497 3963 trecentas
515 3902 624 3973 triginta
643 3914 672 3959 ct
687 3904 764 3959 duas.
789 3902 920 3973 Propitia-
969 3902 1051 3958 urinae
1072 3919 1140 3959 mem
1157 3914 1260 3960 sauctae
1274 3905 1320 3961 liei
1336 3907 1476 3977 genitricis
1499 3922 1665 3979 semperque
1675 3906 1761 3977 rirgi·

128 3972 227 4026 cirrium
242 3973 312 4028 sacri
326 3972 421 4028 altaris
434 3990 467 4028 er
483 3973 590 4028 laminis
604 3973 739 4045 argenteis
750 3981 857 4041 canrpte
873 3973 920 4028 de·
969 3972 1013 4026 nis
1027 3971 1117 4027 llariaa
1129 3974 1240 4039 auxilia,
1261 3990 1348 4045 neque
1359 3992 1402 4031 inc
1414 3977 1548 4042 inuenire,
1560 3993 1651 4047 neque
1662 3977 1761 4047 depor-

126 4042 240 4096 earavit.
264 4042 468 4100 Caninssianem
483 4041 662 4113 rqiioqnnejus
675 4060 736 4099 euin
758 4042 861 4113 rugatis
879 4042 919 4097 in·
970 4052 1041 4106 tare,
1065 4043 1136 4098 sicut
1149 4043 1299 4110 rainer-ant,
1324 4045 1389 4101 bina
1410 4045 1516 4117 langius
1576 4055 1699 4103 merant.
1728 4044 1760 4101 m

128 4121 174 4167 tus
193 4120 221 4165 ct
241 4112 307 4168 loris
326 4115 425 4168 rairnni
438 4114 588 4170 immodum
605 4114 747 4183 perficiens
766 4113 917 4177 adornavit,
968 4111 1043 4178 idco,
1058 4114 1128 4169 sicut
1153 4130 1197 4169 ine
1211 4130 1333 4183 quaerere
1346 4116 1464 4185 coepisti,
1483 4134 1535 4188 qim
1548 4118 1601 4173 iter
1614 4133 1660 4173 me
1685 4116 1760 4171 inre-

126 4191 286 4250 pensantem
307 4182 389 4239 libras
411 4192 518 4239 saritam
540 4192 568 4239 ct
590 4184 756 4251 quindecim,
779 4191 804 4237 ct
826 4181 919 4237 ancias
969 4182 1041 4244 nias,
1061 4183 1171 4239 assidua
1187 4183 1273 4238 labari
1292 4201 1346 4240 nan
1368 4186 1484 4241 desistas
1509 4186 1683 4253 incumbere,
1696 4184 1758 4255 qaia

127 4262 194 4306 tias.
215 4251 293 4317 lteni,
307 4254 352 4308 ubi
366 4269 457 4334 suma,
473 4252 537 4309 lecit
555 4254 681 4324 gabatam
697 4269 731 4308 ex
748 4268 815 4307 aura
851 4252 920 4308 aris-
970 4250 1085 4308 llamiua
1097 4253 1163 4317 Dea,
1178 4269 1228 4323 pra
1241 4253 1318 4321 cuins
1332 4270 1425 4309 artiore
1437 4266 1466 4311 et
1478 4257 1582 4314 bairone
1592 4272 1675 4328 passa
1687 4271 1759 4321 sirm,

126 4322 206 4384 sirim,
220 4332 377 4391 pensantem
390 4323 472 4378 libras
483 4322 561 4387 diras,
576 4331 604 4378 ct
620 4324 714 4379 ancias
724 4331 795 4379 octo.
842 4337 918 4377 erum
970 4321 1070 4391 placuit
1089 4331 1159 4378 nttn
1177 4338 1220 4379 me
1236 4324 1367 4383 invenias.
1383 4334 1410 4381 ct
1428 4326 1454 4380 in
1477 4327 1593 4383 ecclesia
1610 4342 1694 4397 quam
1712 4341 1759 4381 aa·

126 4391 209 4445 etiam
227 4401 254 4447 ct
268 4408 360 4448 arcum
381 4408 414 4449 ex
434 4401 555 4463 argento.
575 4401 604 4449 et
616 4393 755 4449 columnas
771 4393 838 4449 duas
855 4407 916 4452 cum
971 4391 1041 4447 riter
1055 4393 1241 4453 ciinstrnsisti.
1259 4395 1401 4450 rerniidas.
1421 4395 1455 4451 Et
1468 4397 1526 4451 bac
1538 4397 1633 4455 dicens
1644 4396 1680 4451 ali
1693 4410 1760 4451 acu·

129 4462 288 4530 gaiiiinadiis
308 4462 413 4520 duabus
432 4471 579 4532 pensantes
596 4458 679 4519 libras
683 4502 737 4517 .....
929 4450 1002 4516 Diis
1029 4462 1187 4530 aspicientis
1205 4463 1296 4518 ablata
1322 4472 1374 4520 cst.
1393 4464 1468 4521 Tunc
1495 4465 1565 4521 idem
1586 4466 1762 4522 vermandus

162 4530 219 4587 lma
230 4542 259 4586 et
269 4532 295 4587 in
307 4548 386 4588 sacra
399 4532 478 4588 altari
493 4531 556 4589 lucit
566 4542 668 4587 restem
683 4534 715 4588 de
727 4530 911 4603 mrysnctain,
968 4530 1099 4599 pontilari,
1116 4532 1319 4590 minatinalibus
1328 4534 1453 4590 lainlibus
1467 4536 1625 4616 persolutis,
1640 4550 1691 4606 pro
1704 4542 1758 4589 tarn

127 4599 270 4657 babentem
282 4603 421 4659 bistoriam
433 4602 578 4657 linininiac
588 4603 736 4658 nativitatis
751 4602 855 4656 bamini
868 4618 915 4656 aa
968 4608 1050 4657 certa
1059 4615 1087 4657 et
1105 4602 1290 4658 imlubiaibibs
1317 4604 1491 4660 revelationis
1500 4605 1605 4674 judicio
1620 4602 1756 4678 [indicial.

128 4668 177 4722 stri
199 4668 263 4725 lesu
287 4672 387 4728 Christi
409 4672 485 4727 mire
508 4671 717 4740 pulchritudinis
742 4681 912 4728 exornatam.
967 4672 1050 4741 caepit
1071 4673 1123 4728 bac
1137 4672 1252 4741 illamque
1267 4672 1408 4752 npemsius
1432 4690 1556 4743 quaerere
1568 4675 1615 4731 ubi
1630 4673 1757 4733 sacratu-

127 4738 296 4803 ltcrum,nbi
313 4760 404 4812 supra,
418 4741 594 4797 tmtivesteni
612 4743 645 4797 de
658 4742 915 4813 stauracepulcirei··
967 4740 1066 4797 matiam
1081 4740 1140 4807 cius
1158 4758 1257 4812 carpas
1294 4752 1387 4799 acerct
1410 4743 1573 4799 hriinntumi
1590 4744 1680 4813 Quod,
1709 4742 1756 4798 tri·

128 4806 225 4863 rimam
237 4826 299 4865 cum
313 4813 439 4883 perialysi
459 4811 610 4868 dablattin.
632 4813 697 4869 ltem
714 4813 796 4867 aliam
811 4821 914 4873 vestem
967 4810 1066 4875 buente
1080 4811 1146 4875 ben,
1166 4813 1229 4867 dnm
1244 4812 1284 4868 sal
1297 4812 1360 4868 icite
1371 4824 1518 4883 quaereret,
1592 4815 1646 4870 erit
1662 4814 1757 4869 iacta·

128 4879 163 4932 de
184 4877 278 4933 blattin
299 4879 433 4950 byzantea
453 4883 596 4941 habentem
614 4883 734 4943 tabulam
753 4883 787 4939 de
805 4882 915 4952 abipso·
967 4882 1082 4943 metatio
1107 4880 1273 4945 Praetextati,
1293 4882 1344 4939 sita
1359 4881 1547 4953 forisportam
1593 4884 1697 4955 ppianr,
1711 4898 1756 4937 an·

128 4947 205 5003 claro
219 4962 280 5003 cum
295 4951 480 5007 aeliasanctia
493 4951 541 5010 bei
572 4953 705 5017 enitricis,
722 4961 751 5008 et
768 4951 856 5032 angeli
870 4951 916 5006 ab
967 4950 1023 5005 reis
1037 4951 1103 5007 illud
1113 4951 1240 5007 restitum
1258 4952 1435 5019 indumentis,
1452 4970 1515 5009 cum
1540 4969 1658 5027 corpore
1680 4967 1758 5007 rene·

128 5017 408 5087 sequiastantiscmn
420 4970 733 5092 peitayaiesnunce.
755 5021 915 5090 Pariterqne
966 5019 1096 5077 acrabilis
1108 5022 1199 5090 siinnsi
1214 5021 1256 5077 sui
1277 5020 1423 5084 Valeriani,
1444 5021 1604 5093 pariterque
1617 5032 1646 5079 et
1659 5022 1756 5077 lintea·

127 5087 208 5141 aliam
223 5096 326 5144 tesam
338 5091 371 5144 de
386 5100 511 5145 staurace
524 5093 668 5148 habentem
685 5108 814 5162 pavones,
834 5099 863 5145 et
885 5091 913 5147 in
967 5090 1040 5145 mina
1064 5092 1193 5161 martyris
1216 5090 1300 5161 ipsius
1325 5106 1375 5147 san
1394 5092 1459 5149 aiirc
1511 5109 1573 5154 cna,
1599 5090 1757 5163 qrraiidoab

128 5158 217 5212 niedio
231 5172 339 5213 enimin
355 5159 389 5213 ila
406 5160 511 5215 blattin.
536 5160 619 5216 Porro
639 5172 667 5218 et
686 5171 776 5218 restes
792 5163 859 5215 duas
881 5162 915 5214 de
966 5159 1051 5229 impin
1068 5176 1197 5230 percussa
1214 5161 1343 5217 carniliia·
1357 5109 1458 5219 dinsa
1516 5162 1582 5218 niiiri
1599 5168 1757 5234 rirartyrrst

128 5227 295 5299 ‹quadrupula
304 5228 434 5285 babentes
443 5228 912 5295 iamediacrncemdcblattin.1tein,
967 5230 1105 5355 regnantis
1120 5230 1147 5285 in
1164 5230 1260 5286 secuta
1274 5240 1443 5286 carisecrata.
1459 5231 1564 5298 Quibus
1577 5240 1608 5289 ct
1625 5230 1756 5287 linteami-

129 5296 487 5369 nbisirpiadecitrestemes
497 5299 914 5371 auratestariicnmpcriclpside
967 5300 994 5353 ni
1015 5316 1046 5353 us
1058 5299 1168 5370 sanguis
1179 5309 1281 5355 sanitae
1295 5299 1422 5371 rrrartrris
1437 5311 1573 5365 extensus,
1588 5302 1713 5357 biraluta
1725 5298 1756 5355 ad

128 5368 232 5423 blattin.
249 5368 571 5439 Coapcrtorinmrubcmn
586 5371 714 5425 descrit-o
734 5387 825 5426 unum.
843 5370 918 5425 l‘ccit
966 5368 1047 5438 podiis
1064 5368 1135 5424 illias
1159 5370 1280 5439 corporis
1303 5370 1488 5426 sacratissimo
1511 5387 1613 5427 cruore
1630 5371 1713 5442 plana
1725 5369 1757 5425 dc

164 5499 202 5571 (θ)
222 5498 336 5555 cmiii&
356 5499 503 5555 ecclesiam·
534 5499 669 5581 [inscribit
692 5501 753 5582 liae⁸
766 5501 825 5558 laco
845 5518 913 5582 qna·
964 5511 1106 5569 historiam
1128 5513 1225 5567 recitat
1236 5511 1369 5568 Batonius
1391 5510 1541 5579 an11082l,
1564 5529 1642 5568 nuni.
1658 5508 1754 5567 seta.

128 5570 208 5624 tillido
234 5586 333 5641 tarbua
361 5579 461 5627 ⁵³¹1th
485 5569 600 5627 Cwetltae
630 5585 722 5625 tutele·
748 5573 913 5650 tttdutttettlts
964 5581 1048 5637 irrata
1066 5581 1366 5653 aliababetqneapnd
1382 5581 1557 5639 Anastasium
1572 5580 1756 5643 hirciae-ada·

129 5640 258 5708 sanguine
271 5640 359 5697 adbuc
373 5638 471 5697 inlusis
488 5639 619 5705 relattmt,
639 5640 733 5695 eadem
747 5640 854 5695 Cardia
869 5656 912 5695 re·
964 5650 1129 5713 ememtes,

128 5705 244 5768 talaiae.
266 5720 401 5782 repertam
417 5712 508 5772 luerit.
527 5710 618 5767 Codes
634 5708 841 5777 Vobenenses
858 5725 912 5773 arao
