3810 6120
90 275 145 329 355
500 264 758 324 cotuuttmhtss
777 264 809 322 IN
831 264 1021 322 mustelas
1040 266 1084 321 ut
1104 266 1309 322 statutum.
1666 271 1718 328 tta

91 406 168 447 sare.
185 386 300 457 ibiergo
313 383 428 455 antplins
442 383 557 447 ardebit,
572 383 618 438 uhi
635 397 664 437 se
678 381 796 436 ostendit
811 380 920 444 seireA
969 383 1025 438 Nos
1040 385 1152 449 seimus,
1166 385 1210 454 qui
1224 384 1345 438 translati
1364 400 1453 438 stamas
1474 383 1506 439 de
1526 394 1609 440 morte
1627 387 1662 441 ud
1682 388 1722 444 ui·

92 483 165 557 qrrod
177 480 268 535 lacere
279 477 374 532 noluit.
390 476 430 531 th
440 485 563 530 extremo
582 475 657 545 digiti
672 491 701 529 se
717 473 789 545 tangi
810 471 882 527 desi·
933 480 997 538 tum,
1012 475 1135 543 qrtonium
1147 473 1280 545 diligimus
1293 474 1398 543 [ratres.
1415 473 1499 531 Nemo
1520 490 1549 530 se
1567 475 1600 530 de
1613 476 1722 536 uirtuti·

92 572 181 638 derat,
208 567 272 645 quia
296 565 405 621 aeteruis
423 564 561 635 suppliciis
578 563 667 627 datus,
685 571 762 634 optat
787 576 884 633 opera·
932 562 984 618 bus
995 563 1062 617 laiso
1077 564 1289 630 extollat,uemo
1302 579 1411 618 suarum
1428 565 1523 620 virium
1535 574 1722 636 paupertatem

91 659 324 732 nunejustorurn,
348 655 498 711 velultima
516 653 684 725 participari.
704 652 752 706 Cui
768 666 882 720 respuu-
933 657 1132 713 ultramodum
1155 667 1266 714 metuat.
1284 657 1413 728 Apertum
1432 657 1479 712 dat
1496 656 1642 726 judicium,
1662 661 1723 730 quii·
1758 695 1760 699 ι

90 755 181 817 detur,
194 751 266 825 quod
286 750 312 805 iu
327 749 379 804 hae
396 748 451 802 vita
464 748 533 801 bona
560 745 701 816 receperit,
719 743 782 814 quia
804 757 884 798 omne
934 762 1039 817 cunque
1054 747 1173 802 fraterna
1191 748 1334 804 dilectione
1347 749 1442 818 plenus
1459 757 1516 815 est,
1530 751 1592 818 quia
1612 751 1645 806 ad
1663 767 1723 807 sor-

90 860 172 902 tuum
185 840 325 916 gaudium,
337 837 491 893 felicitatem
513 835 697 890 transitoriam
716 833 822 905 putavit
836 832 884 889 ba·
934 844 990 890 tem
1002 835 1150 891 electorum
1171 838 1302 906 pertinet,
1318 838 1381 907 quia
1403 839 1553 908 portionem
1575 841 1674 898 habere
1693 841 1721 897 iu

92 935 167 991 here.
184 928 345 987 llic'etenim
362 933 475 997 possunt
486 924 587 994 ctjusti
602 925 672 979 bona
692 923 821 993 recipcre,
835 936 885 975 nee
935 935 1006 980 terra
1022 928 1169 982 viventium
1183 928 1291 982 meruit.

92 1032 185 1078 tamen
201 1020 259 1076 hee
272 1018 393 1088 recipere
417 1016 444 1070 in
460 1014 722 1084 recompensatione,
743 1012 806 1082 quia
821 1011 885 1067 dum
971 1016 1022 1083 Qui
1041 1033 1093 1071 nou
1109 1018 1195 1088 diligit
1214 1019 1338 1087 tratrem,
1353 1030 1438 1073 munet
1455 1020 1483 1074 in
1500 1031 1591 1075 morte.
1609 1021 1721 1079 hiortem

93 1113 218 1177 meliora,
235 1110 262 1165 id
286 1117 338 1174 est,
364 1116 465 1163 aterna
489 1113 629 1176 appetunt,
654 1119 747 1158 eorum
771 1103 883 1173 jndicio,
935 1107 1031 1162 animae
1044 1108 1117 1162 dicit.
1133 1108 1229 1163 Anima
1240 1110 1311 1163 enim
1324 1125 1382 1178 que
1393 1111 1548 1179 peccauerit,
1561 1111 1617 1180 ipsu
1632 1113 1724 1166 morie·

93 1218 154 1275 quae
168 1202 232 1258 lieet
259 1201 331 1255 bona
351 1197 505 1261 adsuerant,
535 1211 597 1251 eum
616 1196 718 1251 sanetis
743 1194 886 1250 desideriis
935 1196 1209 1269 residederent).
1229 1198 1289 1253 Vita
1308 1200 1405 1269 quippe
1422 1201 1527 1264 earnis,
1546 1203 1652 1266 anima,
1667 1203 1722 1257 rita

94 1294 299 1359 :estuantbona
313 1291 424 1346 minime
434 1289 570 1344 ridentur.
586 1288 724 1343 luterbaee
736 1287 886 1342 notandum
935 1287 1031 1341 animae
1044 1287 1116 1343 Deus
1132 1296 1184 1343 est.
1207 1288 1278 1345 hlors
1291 1291 1428 1358 corporis,
1448 1293 1572 1346 amittere
1591 1293 1720 1357 animam,

93 1394 144 1448 est,
167 1383 280 1455 quodei
305 1381 404 1437 dieitur
432 1398 439 1434 ε
471 1378 612 1437 Memento.
641 1378 690 1448 fili.
715 1379 785 1434 Eece
812 1377 884 1432 enim
935 1392 1008 1435 mors
1022 1379 1127 1444 animas,
1143 1380 1268 1435 amittere
1281 1380 1375 1434 beorn.
1393 1379 1469 1435 Unde
1482 1390 1596 1446 constat,
1611 1385 1682 1451 quod
1695 1385 1722 1439 in

94 1477 232 1533 Abrabam
247 1475 331 1529 lilium
346 1483 434 1536 vocat,
449 1488 528 1543 qtrem
543 1480 632 1527 tamen
647 1455 662 1526 a
677 1480 811 1526 tormento
829 1486 884 1525 uon
934 1469 1024 1523 anima
1040 1470 1138 1523 mortui
1156 1485 1250 1523 onmes
1263 1470 1291 1523 in
1308 1470 1359 1523 bae
1374 1470 1432 1522 luce
1448 1471 1595 1535 nascimur,
1611 1475 1722 1528 trahen-

93 1569 202 1628 liberat,
219 1564 345 1635 quoniam
367 1559 447 1630 hujus
467 1560 582 1616 infidelis
596 1560 686 1630 populi
699 1560 884 1628 praecedentes
934 1569 975 1615 tes
989 1577 1023 1615 ex
1037 1561 1123 1615 Adam
1138 1561 1268 1631 originale
1283 1570 1441 1630 peceatum,
1457 1563 1503 1616 sed
1519 1561 1618 1617 Christi
1636 1565 1720 1633 gratia

95 1667 188 1731 patres
199 1655 302 1721 hdeles,
314 1653 377 1725 quia
389 1652 487 1706 multos
499 1667 514 1706 a
528 1665 576 1705 sua
588 1649 640 1705 lide
652 1649 775 1704 deviasse
792 1648 883 1702 cond-
935 1647 1059 1704 hdelibus
1072 1650 1255 1719 regenerando
1269 1649 1357 1719 agitur
1370 1659 1400 1702 ιιι
1415 1650 1543 1704 inanima
1557 1651 1646 1706 virere
1658 1667 1722 1720 pos-

95 1752 201 1814 deraut,
216 1765 263 1805 eos
275 1746 346 1802 noha
364 1745 549 1815 compassione
564 1759 580 1798 a
599 1743 741 1798 tormentis
754 1742 882 1812 eripiunt,
898 1732 922 1791 B
937 1739 1000 1793 sint.
1018 1739 1135 1793 Verbum
1153 1739 1338 1808 baptismatis,
1355 1748 1382 1793 et
1400 1738 1461 1793 lidei
1481 1743 1652 1810 mysterium,
1671 1742 1724 1797 illis

96 1859 163 1912 quos
177 1850 265 1896 ιιιιιιιι
276 1854 326 1909 per
339 1851 449 1892 carnem
472 1835 542 1889 hlios
556 1841 760 1902 recognoseunt.
787 1832 815 1885 ln
829 1839 884 1885 tor·
936 1829 1000 1885 solis
1019 1818 1144 1900 prodest,
1165 1830 1225 1886 illos
1243 1831 1275 1884 de
1298 1840 1385 1885 morte
1403 1830 1504 1900 trajicit
1524 1833 1557 1886 ad
1575 1833 1657 1887 vitam
1677 1833 1723 1902 qtri

96 1932 195 1988 meutis
217 1939 307 1986 autem
322 1927 397 1983 dives
410 1925 522 1995 positus,
537 1924 655 1993 utrinque
672 1938 701 1977 se
716 1921 815 1976 iratres
835 1922 884 1976 ha·
935 1921 1041 1976 sineere
1062 1930 1152 1976 mente
1171 1922 1285 1991 diligunt
1306 1920 1415 1976 iratres.
1438 1923 1526 1991 atque
1545 1923 1605 1978 ideo
1628 1933 1725 1982 notan-

96 2022 160 2077 bere
170 2019 304 2093 perhibet,
319 2016 381 2087 quia
393 2016 525 2086 superbus
538 2015 607 2069 idem
618 2011 746 2067 iudaicus
760 2011 882 2082 populus,
936 2010 1015 2075 dum,
1031 2011 1103 2080 quod
1120 2026 1172 2066 non
1186 2011 1246 2065 ait:
1263 2010 1313 2079 Qui
1332 2027 1386 2066 non
1399 2011 1485 2082 diligit
1500 2022 1628 2068 venturus
1640 2024 1681 2068 est
1696 2015 1724 2073 in

96 2113 184 2182 quiex
195 2106 356 2182 magnajam
367 2117 444 2176 parte
457 2106 660 2159 damuatnsest.
676 2101 885 2172 sequacessuos
935 2110 1067 2165 mortem,
1083 2100 1160 2170 quasi
1177 2101 1209 2156 de
1228 2117 1308 2172 poena
1328 2110 1457 2172 perpetua
1476 2101 1643 2173 loqtreretur,
1664 2119 1724 2172 utrm

98 2217 166 2272 qnos
179 2215 260 2272 snper
278 2207 377 2253 terram
391 2196 506 2266 reliquit,
520 2195 638 2264 utrinque
653 2193 776 2248 sensibus
787 2206 883 2262 eorpo-
935 2199 1020 2246 restat
1040 2192 1230 2261 peccatoribus
1245 2192 1272 2247 in
1291 2191 1398 2258 larturo,
1421 2191 1466 2248 sed
1487 2193 1532 2264 qui
1555 2211 1606 2247 nou
1627 2194 1723 2265 diligit,

98 2294 135 2348 ris
159 2291 262 2351 deditos
283 2289 368 2344 norit.
398 2286 529 2354 Quinario
550 2300 614 2354 ergo
641 2298 755 2337 numero
784 2280 884 2336 iratres
935 2283 1031 2352 inquit,
1044 2293 1131 2337 ntunet
1143 2283 1170 2337 in
1183 2293 1274 2350 morte,
1292 2286 1318 2337 in
1336 2285 1378 2339 illa
1399 2286 1491 2356 artique
1507 2295 1609 2351 morte,
1626 2289 1659 2342 de
1672 2305 1723 2357 qua

99 2400 165 2455 quos
186 2382 332 2453 reliquerat
349 2381 484 2450 exprimit,
500 2378 562 2448 qtria
574 2392 621 2434 eos
634 2376 668 2430 ad
681 2373 830 2445 spiritalem
842 2373 884 2427 in·
934 2377 1015 2431 etiam
1024 2377 1049 2432 iu
1062 2377 1172 2432 haesita
1185 2378 1206 2432 si
1219 2377 1442 2450 iratresperieete
1455 2388 1566 2445 amaret,
1576 2396 1724 2452 exsurgere

99 2473 271 2544 telligeutiam
283 2487 335 2524 non
347 2483 501 2538 assurgere,
511 2467 539 2521 in
555 2465 661 2521 interno
673 2465 777 2535 positus
791 2463 882 2534 gemit.
934 2476 1032 2536 posset.
1050 2467 1117 2523 ilinc
1132 2468 1230 2523 etenim
1246 2467 1316 2523 bens
1335 2471 1360 2522 in
1380 2469 1538 2541 Apocalypsi
1558 2489 1564 2523 :
1584 2469 1682 2525 Beuum
1700 2481 1725 2525 et

99 2568 169 2623 Petit
183 2574 212 2621 ut
230 2565 264 2619 ad
277 2578 324 2619 eos
337 2561 455 2616 Lazarus
468 2560 601 2624 mittatur,
617 2558 660 2612 eui
671 2557 742 2627 quod
756 2555 846 2610 hlosen
858 2563 886 2609 et
934 2568 1038 2611 torretur
1052 2558 1097 2629 qui
1111 2558 1186 2612 liutet
1199 2575 1269 2628 sptem
1281 2559 1308 2613 in
1321 2562 1508 2614 resurrectione
1522 2561 1624 2630 primu,
1642 2562 1670 2615 iu
1684 2562 1724 2617 his

100 2659 243 2730 propbetas
261 2655 378 2711 babeant
394 2649 573 2707 dicitursed
593 2649 631 2703 ait
650 2667 656 2702 ι
677 2647 746 2714 Quia
762 2663 813 2700 ιιοιι
829 2660 884 2698 cre-
934 2649 1048 2704 secundo
1063 2666 1133 2704 nrors
1151 2666 1202 2706 noa
1215 2651 1290 2704 hebet
1303 2661 1454 2722 potestatem
1467 2651 1558 2723 (apoc.
1573 2653 1630 2724 xx).

100 2749 173 2812 dest,
189 2747 239 2800 nisi
262 2744 320 2815 quir
332 2757 365 2796 er
383 2742 491 2796 mortuis
507 2737 686 2793 resurrexerit.
701 2734 749 2789 Cui
762 2734 885 2804 protinus
972 2745 1063 2801 omng
1081 2748 1125 2816 qm·
1146 2747 1201 2801 opp
1226 2748 1334 2816 [mrem
1355 2766 1449 2815 mm,
1466 2750 1597 2803 pompina
1614 2758 1652 2803 ρει
1668 2749 1725 2820 (gx

101 2837 276 2908 respondetur
289 2851 297 2887 ἵ
314 2832 342 2888 δ”
356 2830 446 2886 M⁰³⁶¹¹
457 2840 481 2885 θ’
491 2830 629 2901 lf⁰l¹¹⁰¹⁰⁸
638 2842 690 2879 ’¹⁰²²
702 2824 824 2886 audiant,
839 2839 885 2876 ²10⁶
934 2836 1070 2908 August).
1086 2834 1116 2893 Si
1130 2839 1321 2894 eotroemnebat
1330 2838 1445 2908 quisque
1456 2839 1547 2893 odium
1561 2838 1723 2904 fraternum,

103 2931 122 2984 *ἦ
141 2929 199 2999 4¹¹ss
212 2944 244 2982 ⁶²
258 2925 367 2980 m⁰li¹⁴f⁸
384 2921 564 2985 mummi,
590 2914 735 2972 credentei.
758 2913 837 2969 (ἶθῐῑθ
852 2912 885 2967 1¹0
935 2926 1055 2995 nunquid
1076 2935 1102 2981 et
1124 2926 1300 2982 homicidium
1315 2928 1342 2982 in
1361 2928 1443 2982 corde
1462 2943 1511 2983 suo
1524 2936 1726 2996 contempturus

103 3019 173 3075 hese
201 3018 303 3072 ueritas
319 3015 413 3071 dicit:
430 3010 459 3066 Si
480 3008 617 3064 crederetis
640 3004 719 3069 Μθδῐ,
746 3002 884 3058 “dimili
936 3018 995 3072 esti
1007 3016 1066 3072 Non
1079 3026 1169 3072 movet
1184 3033 1279 3073 nunnus
1294 3019 1328 3073 ud
1340 3019 1518 3075 occidendum
1533 3020 1685 3085 hominem,
1699 3027 1728 3075 et

103 3108 187 3180 utique
205 3115 230 3160 0¹
249 3105 328 3168 nith,-
348 3102 380 3156 ¹¹⁶
401 3117 442 3154 ’Μ
464 3099 531 3153 enim
556 3095 600 3150 5¹¹²
620 3093 722 3164 scripsit
740 3091 831 3165 (5⁰⁰'b
845 3090 883 3164 v)·
899 3082 921 3145 C
938 3108 1072 3164 homicida
1088 3107 1144 3177 jam
1164 3117 1270 3165 tenetur
1290 3125 1305 3163 a
1324 3109 1452 3176 Domino,
1471 3110 1538 3164 tivit
1558 3109 1616 3176 ille,
1632 3118 1659 3165 et
1676 3109 1728 3166 iste

103 3194 227 3268 hnplotur
247 3206 311 3263 ergo
331 3190 401 3260 quod
413 3204 461 3259 per
474 3187 588 3241 Abrahae
599 3183 801 3256 responsionem
818 3181 886 3236 diei·
934 3199 990 3271 μω
1004 3200 1161 3256 inperfecto„
1170 3199 1318 3270 judicatur·

106 3296 153 3344 tur,
177 3288 219 3342 Ex
237 3284 352 3340 mortuis
372 3280 443 3337 enim
456 3278 587 3334 Dominus
600 3276 758 3340 murieldis
778 3275 825 3330 Sed
840 3272 886 3328 ¹¹¹·
972 3291 1007 3345 Et
1020 3293 1092 3346 scitis
1106 3292 1229 3362 qnoniam
1248 3295 1332 3348 omnir
1346 3294 1477 3349 homicide
1490 3312 1541 3349 non
1555 3295 1631 3350 iubet
1648 3295 1729 3351 nitent

106 3375 326 3448 ‘liifflsswiluhlsss
341 3370 487 3444 ‘llliaMOSi
505 3367 726 3431 οΓθῦθῑθῃθῙυῙῑι
743 3365 768 3420 ei
792 3366 884 3429 euim·
937 3392 1062 3436 aeteruum
1084 3383 1112 3434 in
1130 3399 1158 3436 se
1182 3393 1339 3438 monentem.
1368 3385 1401 3438 Et
1425 3385 1470 3439 bie
1486 3399 1534 3454 per
1554 3384 1633 3440 idem
1657 3386 1729 3440 iuter

106 3471 145 3538 lui
176 3465 325 3522 ‘mimi‘
355 3477 389 3517 0¹
421 3461 544 3527 “wimiis
578 3459 688 3515 credere
715 3457 885 3526 fflssiefflllssii·
937 3472 1300 3539 sanctosvivereeernitur,
1317 3475 1467 3529 nonhabet
1483 3473 1509 3528 iu
1527 3483 1727 3544 seperpetuam

106 3558 222 3630 tumque
258 3555 325 3611 Moti
359 3554 440 3608 rerba
468 3551 628 3622 Spiritaliter
660 3548 809 3620 iflieflib'efe
842 3561 886 3602 ¹0·
937 3565 1021 3620 titan
1033 3573 1196 3620 manentem.
1211 3563 1279 3619 Nam
1297 3565 1343 3620 ubi
1363 3566 1549 3620 retributionis
1564 3574 1670 3635 tempus
1682 3566 1729 3620 ad-

106 3649 169 3713 nuit,
197 3647 233 3701 ad
254 3645 339 3700 ⁰⁰¹²OE
361 3644 394 3698 (¹0
413 3656 467 3712 <1¹1⁰
490 3641 577 3696 Milies
594 3640 700 3695 ¹0⁰¹¹¹¹¹⁸
720 3638 819 3693 suerii·
835 3650 888 3691 ⁰⁰¹¹
937 3655 1041 3719 reniet,
1058 3669 1119 3709 eum
1135 3652 1201 3710 Cain
1219 3654 1265 3724 qui
1278 3669 1312 3711 ex
1324 3653 1440 3726 maligno
1455 3662 1530 3720 erat,
1545 3654 1727 3718 damnabitur,

103 3738 234 3806 persenit.
540 3780 543 3787 .
938 3743 1019 3798 etiam
1034 3744 1080 3813 qui
1095 3744 1233 3799 homicidii
1248 3758 1347 3815 genere
1362 3751 1478 3807 tenetur,
1494 3751 1524 3797 ut
1536 3743 1682 3810 discordet,
1698 3752 1728 3800 ut

196 3823 405 3884 ttsuuottabh
422 3824 454 3879 ill
470 3823 558 3880 POST
575 3820 787 3877 PENTECOST·
938 3833 1082 3900 dissideat,
1098 3842 1127 3889 et
1143 3849 1238 3906 pacem
1256 3831 1463 3889 cumfratribus
1481 3846 1534 3887 riou
1550 3832 1657 3888 habeat.
1674 3833 1729 3888 No·

93 3913 228 3976 Ertsrott
250 3934 332 3974 tuln
356 3933 435 3972 ιειτι
462 3930 569 3970 ιῡιιιιιῦ
594 3928 736 3979 Διθὸῑθιῑι
762 3928 821 3968 cll·
846 3927 888 3967 ¹¹¹·
939 3925 1050 3981 tandum
1063 3926 1136 3981 enim
1155 3926 1227 3996 quod
1242 3942 1295 3981 non
1311 3926 1348 3980 ait
1367 3924 1503 3986 absolute,
1525 3924 1659 3978 homicida
1674 3940 1728 3979 non

140 4012 256 4067 «Nolite
281 4008 375 4065 mirari
394 4007 552 4062 aedituos
568 4005 693 4060 mundus.
713 4002 769 4059 Nos
789 4004 890 4058 scirrms
939 4013 1158 4069 habetatum„
1173 4022 1381 4078 temnentem,
1398 4012 1730 4083 sedomnjginqujgho.

99 4123 110 4156 ι
130 4106 257 4177 quoniam
271 4100 394 4158 translati
410 4114 503 4154 sumus
518 4099 550 4154 de
565 4106 650 4152 morie
664 4096 698 4150 ad
712 4097 809 4159 uitam,
823 4107 890 4164 (1¹¹⁰-
939 4103 1054 4168 mieida,
1076 4103 1179 4158 scilieet
1202 4119 1256 4158 non
1272 4103 1346 4159 solus
1361 4103 1406 4159 ille
1421 4102 1467 4173 qui
1486 4102 1576 4168 terro,
1591 4118 1685 4158 verum
1701 4112 1730 4160 ιι

91 4213 108 4246 ι
132 4200 203 4253 niam
217 4196 354 4266 diligimus
366 4192 475 4248 iratres.
499 4190 549 4258 Qui
564 4205 616 4245 non
635 4189 736 4258 diligit,
753 4194 845 4241 manet
862 4186 890 4240 in
940 4191 985 4246 ille
998 4193 1044 4262 qui
1059 4192 1120 4247 odio
1134 4192 1245 4246 tratrem
1261 4191 1422 4262 insequitur.

92 4305 110 4336 ι
135 4296 228 4343 morte.
242 4285 337 4342 Oruuis
346 4284 392 4354 qui
405 4284 462 4339 odit
472 4282 584 4337 tratrem
595 4297 683 4347 suum,
693 4278 827 4336 homicida
838 4288 889 4345 est,
976 4283 1010 4338 ln
1024 4283 1072 4338 hoc
1087 4284 1253 4355 cognorimus
1266 4284 1419 4338 citeriorem
1431 4283 1490 4350 liei,
1502 4293 1555 4340 ιιι.
1568 4285 1659 4352 Qttalis
1670 4302 1729 4358 per·

91 4394 108 4425 a
134 4387 160 4433 et
180 4378 256 4434 scitis
279 4376 343 4446 auia
366 4375 455 4430 omnis
475 4374 610 4430 homicida
630 4390 683 4428 nou
705 4373 786 4428 habet
807 4372 891 4427 vitum
943 4376 1012 4432 lecta
1024 4375 1144 4431 charitas
1157 4390 1218 4430 esse
1232 4375 1326 4430 debeat
1345 4375 1372 4431 iu
1391 4377 1482 4441 nobis,
1497 4375 1646 4432 Donninicae
1667 4393 1729 4449 pas-

90 4480 109 4514 ·
136 4481 259 4522 aternam
274 4466 302 4521 iu
317 4479 347 4521 se
364 4471 528 4520 manentem·
549 4464 579 4519 ln
594 4463 646 4519 hoc
663 4472 752 4518 numm
765 4462 891 4534 coguovi-
902 4442 929 4502 D
942 4468 1025 4525 sionis
1039 4468 1163 4540 exemplo
1184 4469 1335 4526 didicimus.
1351 4469 1478 4539 llajorem
1493 4486 1608 4542 namque
1622 4473 1674 4529 bae
1690 4473 1730 4529 di-

88 4572 110 4606 «
138 4560 362 4631 tuusebarltatem
376 4558 441 4625 liei,
465 4557 591 4628 quoniam
609 4556 654 4612 ille
667 4570 716 4626 pro
733 4555 812 4611 nobis
832 4555 890 4610 ani-
942 4557 1084 4617 leetionem
1098 4575 1179 4617 neruo
1191 4560 1287 4626 habet,
1303 4571 1334 4617 ut
1346 4562 1465 4618 animam
1480 4578 1555 4619 suam
1571 4572 1652 4634 ponat
1670 4565 1731 4636 quis

90 4660 109 4694 ⁸
140 4663 203 4706 uam
218 4665 296 4707 suam
308 4649 408 4721 posuit,
423 4655 452 4703 εί
472 4663 522 4703 not
540 4647 669 4702 debemus
690 4660 740 4716 pro
761 4644 890 4701 iratribus
943 4665 992 4720 pro
1013 4650 1108 4706 amieis
1125 4651 1191 4707 suis.
1213 4651 1290 4708 Unde
1308 4661 1336 4706 et
1354 4651 1454 4710 Paulus
1472 4653 1510 4709 ait
1531 4672 1537 4709 :
1558 4653 1730 4712 Commendet

88 4751 111 4782 ι
143 4741 239 4797 animat
256 4754 367 4811 ponere.
391 4737 441 4806 Qui
465 4737 591 4793 habuerit
612 4735 793 4792 substantiam
811 4735 891 4808 hujus
943 4749 1030 4795 estem
1049 4740 1118 4796 deur
1133 4758 1208 4796 suem
1223 4741 1377 4799 charitatem
1390 4744 1416 4798 ir
1432 4744 1521 4811 nohis,
1536 4747 1658 4817 quonium
1671 4763 1730 4802 cunr

92 4840 111 4874 ι
144 4833 243 4899 nundi,
259 4839 287 4887 et
302 4830 400 4886 uiderit
414 4828 526 4884 latren
544 4843 622 4882 suum
640 4827 830 4884 necessitatem
843 4841 892 4896 pt·
944 4832 1030 4888 adhue
1043 4844 1190 4905 peccatores
1203 4850 1327 4903 essemus,
1340 4833 1460 4891 Citristus
1470 4854 1517 4907 pro
1527 4838 1601 4893 nobis
1614 4848 1731 4894 mortisue

90 4933 114 4966 c
142 4919 261 4990 thutem,
276 4930 305 4978 et
321 4920 450 4977 clauserit
465 4921 568 4975 uiscera
582 4933 630 4975 sua
645 4919 680 4974 ab
697 4933 740 4984 eo,
758 4918 892 4988 quomodo
943 4933 980 4980 est
994 4925 1080 4998 (Rom.
1094 4925 1131 4998 v).
1144 4925 1220 4983 lianc
1231 4927 1327 4985 beatus
1345 4929 1441 4985 Petrus
1459 4931 1558 4988 habere
1572 4933 1730 4991 monebatur

89 5024 110 5055 1
132 5010 251 5072 elanus
267 5014 315 5070 uei
328 5021 419 5069 manet
431 5012 459 5067 in
469 5012 521 5067 eo?
542 5009 631 5067 Filioli
643 5011 712 5077 mei,
732 5026 786 5065 non
801 5008 894 5080 diliga-
944 5014 1250 5072 eumbomtnodieeute:
1261 5014 1429 5084 Petre,umus
1436 5018 1730 5090 melpnsceoueemeus,·

92 5109 110 5141 ¹
135 5112 194 5164 lius
208 5105 304 5170 uerbo,
319 5119 409 5175 neque
421 5103 527 5173 lissffllss.
543 5102 591 5159 ted
602 5117 685 5173 ⁰l>er0
698 5108 727 5156 01
739 5102 862 5157 verbale·
881 5118 890 5153 t
944 5106 1083 5177 respondit
1096 5123 1125 5163 se
1147 5123 1255 5175 amare,
1269 5109 1413 5182 statimque
1426 5110 1527 5166 audiuit
1541 5127 1548 5165 ι
1565 5110 1631 5168 Cani
1645 5124 1730 5168 ortem

143 5191 235 5254 Nolite
260 5198 353 5252 mirari
383 5196 480 5251 riedit
510 5211 553 5250 not
576 5192 688 5247 mundat
712 5189 768 5265 (Ex
792 5186 892 5263 Bella)-
944 5197 1075 5264 muueris,
1090 5197 1210 5252 extendes
1228 5214 1322 5253 monus
1339 5208 1414 5269 tuus,
1429 5208 1453 5253 et
1470 5198 1538 5254 aliur
1556 5209 1580 5255 te
1592 5202 1731 5271 cinget,et

84 5267 236 5348 ”naemu
259 5290 403 5346 dilectores
427 5287 520 5343 mundi
543 5285 617 5342 dicit.
643 5282 699 5340 Nee
723 5282 892 5346 mirandum,
945 5287 1020 5341 ducet
1033 5304 1084 5358 quo
1100 5297 1128 5342 tu
1146 5304 1196 5342 noa
1216 5289 1262 5343 nit.
1282 5287 1340 5344 iios
1357 5300 1444 5343 utitem
1460 5291 1525 5346 cttsit
1543 5287 1596 5364 <ait
1613 5291 1734 5362 Euange-

83 5371 168 5433 ⁴i¹¹ia
183 5384 231 5454 qui
249 5390 342 5438 amant
359 5383 504 5447 mundum,
524 5377 635 5434 fratrem
655 5392 671 5432 a
690 5376 783 5432 mundi
802 5386 894 5430 amore
945 5374 1193 5447 liumisipnifieons,
1205 5395 1257 5449 quo
1268 5388 1352 5434 morte
1363 5379 1555 5451 clarificaturus
1568 5389 1633 5435 esset
1648 5378 1730 5433 Deum

82 5458 275 5541 “baeatum
298 5481 326 5531 et
344 5473 499 5530 eoelestibus
519 5478 625 5526 ιιιιιιιιιιι
643 5467 783 5525 desideriis
802 5466 891 5522 inten-
947 5467 1038 5540 (ioan.
1049 5467 1161 5539 ultime).
1174 5469 1222 5523 Cui
1234 5471 1305 5526 enim
1318 5487 1438 5528 amorem
1450 5471 1586 5528 eonhtenti
1597 5483 1730 5525 suasores

88 5542 158 5609 ¹¹⁸¹n
173 5606 182 5631 ,
199 5579 291 5620 amare
302 5562 479 5634 nonpossint.
500 5559 670 5616 Abominatio
682 5567 724 5616 est
741 5558 812 5615 enirn
833 5572 895 5630 petr
948 5561 1166 5627 commendarat,
1181 5580 1242 5618 cum
1263 5566 1289 5619 in
1305 5567 1489 5622 testimonium
1503 5563 1615 5637 perlecti
1632 5566 1730 5620 arnonis

86 5639 195 5712 ”istest
219 5657 329 5729 religio,
349 5664 379 5711 ιιι
393 5654 533 5726 Scriptura
546 5658 671 5708 testatur.
948 5652 1064 5706 animant
1077 5668 1151 5708 suam
1164 5669 1213 5724 pro
1224 5654 1325 5709 eisdem
1338 5654 1433 5710 oribus
1444 5664 1544 5724 ponere
1556 5652 1678 5711 docebat.
