3810 6120
85 309 140 374 95¹1
808 307 862 368 tta
883 307 998 370 nscia.
1666 313 1717 373 ibi

85 431 204 489 unanime
219 426 350 481 honorata
369 420 517 496 consurgit,
534 423 598 495 quis
610 437 671 480 eam
686 420 814 491 moestas
830 421 874 478 di·
887 425 914 485 Α
925 422 967 477 ιιι
978 423 1070 479 domus
1086 433 1139 479 tec
1151 425 1263 480 eomedit
1275 441 1317 480 me
1331 424 1418 498 (Psoi.
1430 424 1536 497 ιιιιιι).
1558 426 1645 494 Qunam
1655 443 1718 484 sen·

85 525 149 580 siaa
166 521 313 591 dignanter
329 518 484 587 assumpsit.
504 517 572 572 Nam
588 517 660 587 quod
674 525 701 572 et
714 517 772 570 hac
788 516 875 572 uirtus
929 513 1039 568 mutiam
1053 515 1196 570 iunctione
1207 531 1255 570 sua
1271 515 1404 571 Dominus
1414 517 1548 571 veraciter
1559 518 1716 588 compleuit,

84 612 160 684 regia
177 611 228 674 sit,
247 609 399 679 priscorum
419 621 512 677 regum
528 615 589 663 acta
605 615 748 662 testantur.
765 605 875 660 Saulem
926 606 1035 672 quando
1053 605 1200 660 rendentes
1217 615 1245 660 et
1266 615 1389 662 ementes
1404 606 1438 661 de
1450 606 1549 677 templo
1571 606 1720 676 flagellatos

77 702 232 774 'superbum
248 697 394 752 humilians
407 697 537 752 Dominus
550 697 589 752 ait
602 715 608 749 ε
623 694 689 750 Cum
702 711 769 750 esses
779 711 876 765 parsu·
926 695 1086 750 eliminavit.
1110 694 1176 749 Nam
1191 705 1219 752 et
1233 696 1351 751 Phineus
1364 696 1434 751 filius
1448 697 1569 752 Eleazari
1584 712 1634 766 pro
1658 700 1718 756 zelo

84 795 127 848 lus
141 794 167 847 in
183 789 266 846 oculis
280 790 349 851 tuis,
366 799 442 858 ceput
457 789 483 842 in
495 787 615 841 tribubus
628 786 713 841 israel
726 786 813 855 sactus
825 801 874 850 es,·
925 784 1095 838 rectitudinis
1110 793 1245 855 pactuma
1264 785 1377 839 Domino
1396 786 1496 840 meruit
1510 787 1632 854 accipere
1645 801 1717 840 sern-

85 885 211 953 unritque
228 891 252 935 tc
269 879 397 934 Dominus
413 880 440 933 in
460 894 545 948 reqem
559 893 637 946 srsper
652 875 738 931 lsrael
753 876 790 948 (Ι
807 875 873 946 itaq.
925 876 1022 946 pitemi
1038 875 1192 931 sacerdotii.
1219 876 1264 930 hit
1283 877 1355 931 cuim
1377 877 1507 932 Dominus
1529 879 1562 931 ad
1584 878 1713 948 Moysen:

85 986 137 1039 rr,
153 969 218 1043 tt).
242 970 276 1024 Et
297 976 340 1023 est
361 967 535 1022 subauditio:
560 966 626 1022 Cum
649 974 677 1022 to
700 974 726 1021 te
747 980 875 1035 magnum
926 963 1037 1019 Phineas
1056 964 1262 1033 filiushlensors'
1275 965 1325 1035 filii
1344 965 1434 1021 Aaron
1448 968 1591 1021 sacerdotis
1621 971 1715 1023 auertit

85 1060 250 1119 existimasti
268 1060 295 1113 in
312 1058 400 1113 oculis
413 1058 484 1123 tuis,
497 1072 596 1127 paruus
609 1067 637 1113 et
651 1055 774 1125 abjecms
786 1055 875 1111 factus
925 1056 992 1108 irum
1008 1072 1119 1108 meumo
1140 1055 1204 1124 fiilis
1215 1055 1301 1109 lsrael
1315 1073 1324 1119 ,·
1345 1057 1411 1120 quia
1431 1057 1556 1110 salomen
1573 1067 1717 1111 commotus

85 1169 116 1213 es
132 1157 158 1211 in
174 1154 261 1210 ocsrlis
275 1152 352 1207 meis.
367 1151 435 1206 Nam
449 1151 534 1206 David
549 1166 611 1206 cum
627 1149 723 1206 blichul
739 1149 792 1203 iilia
808 1149 876 1204 Sau-
925 1156 1063 1200 estcontrn
1076 1162 1136 1210 eos,·
1160 1156 1188 1198 ιιι
1202 1162 1254 1200 non
1280 1147 1335 1216 ipse
1348 1147 1460 1202 delerem
1486 1147 1555 1216 filios
1580 1145 1663 1201 isreel
1688 1148 1716 1201 in

86 1248 136 1312 lis,
156 1259 189 1300 eo
208 1244 280 1315 qnod
299 1257 329 1297 ee
349 1241 516 1297 humiliasset
538 1242 727 1312 reprehendit,
743 1241 782 1294 ait
796 1257 803 1294 ε
818 1239 874 1293 Lu·
925 1239 981 1292 selo
999 1254 1073 1293 meo:
1087 1237 1186 1293 idcirco
1200 1238 1305 1309 loquere
1327 1238 1363 1291 od
1383 1253 1463 1291 eum:
1478 1236 1546 1291 Ecce
1563 1236 1597 1290 do
1617 1238 1640 1290 ei
1664 1253 1714 1306 pn-

85 1339 163 1403 dam,
179 1344 203 1390 et
218 1333 294 1389 uilior
305 1333 369 1401 fiam
382 1331 520 1402 piusquam
535 1331 621 1402 {unus
635 1348 711 1395 snm,
725 1340 749 1384 et
764 1346 809 1385 ero
822 1329 873 1383 bu·
924 1346 979 1384 cem
991 1329 1095 1399 faederis
1106 1330 1167 1394 mei,
1180 1339 1204 1384 et
1214 1329 1263 1383 erit
1275 1339 1329 1384 tum
1340 1330 1390 1399 ipsi
1403 1344 1483 1399 quum
1495 1329 1588 1382 semini
1600 1329 1659 1399 ejus
1669 1345 1716 1398 pu·

86 1427 156 1483 utilis
172 1427 200 1480 in
218 1423 301 1478 oculis
319 1425 384 1477 mais
402 1422 410 1494 i
425 1421 456 1476 ll
471 1423 534 1494 ileq.
550 1438 594 1488 ιι,
608 1423 644 1477 22
657 1423 677 1495 i.
694 1422 777 1478 Vides
792 1436 872 1492 erge,
923 1431 994 1476 etum
1009 1421 1147 1475 sacerdotii
1162 1421 1358 1490 sempitcrmnn,
1372 1420 1434 1490 quio
1447 1419 1546 1472 selutsts
1558 1427 1595 1473 est
1605 1436 1652 1488 pro
1660 1419 1714 1473 lice

86 1534 150 1582 rex,
166 1518 229 1588 qula
242 1531 313 1570 unus
326 1529 359 1570 ex
376 1514 428 1569 illis
440 1513 474 1570 de
488 1515 562 1585 regui
576 1510 643 1569 solio
656 1528 705 1582 per
719 1512 873 1582 superbiam
923 1529 972 1568 saro
983 1512 1077 1583 (Naro.
1096 1527 1160 1576 ιιι,
1172 1511 1227 1581 Η).
1240 1512 1273 1564 ht
1289 1519 1315 1565 te
1328 1526 1404 1580 ergo,
1417 1510 1560 1564 mitissime
1575 1525 1632 1572 rer,
1641 1509 1716 1564 zelus

86 1616 131 1663 est
152 1605 291 1675 deiectus,
306 1612 334 1658 et
356 1604 424 1658 alius
437 1603 471 1657 ad
486 1604 562 1674 reqnl
577 1602 689 1674 gloriam
705 1617 754 1672 per
766 1600 875 1656 humili·
924 1602 1021 1657 dumus
1034 1600 1140 1655 Domini
1154 1598 1351 1655 rationabiliter
1369 1598 1503 1662 conrodat,
1516 1598 1544 1654 iu
1569 1614 1622 1667 qua
1636 1597 1716 1653 dumo

86 1704 171 1754 tatem
191 1704 233 1752 est
253 1703 372 1751 erectus.
396 1694 472 1751 Unde
494 1702 521 1749 et
541 1696 569 1748 iu
584 1693 637 1748 illis
652 1693 793 1763 impletum
808 1701 871 1748 est:
925 1694 1012 1748 Deiet
1032 1701 1060 1747 tu
1078 1691 1228 1747 membrum
1250 1705 1280 1746 es
1294 1689 1414 1746 Christi:
1430 1689 1528 1744 debcut
1550 1689 1651 1745 etenim
1670 1705 1717 1744 ea·

87 1790 158 1856 Quin
171 1789 255 1844 omnis
267 1789 311 1859 qui
324 1804 350 1842 sc
363 1786 525 1851 enoltooerit,
540 1786 740 1840 humiliabitur:
753 1795 777 1840 et
789 1799 834 1856 qus
845 1801 873 1839 se
886 1767 911 1828 Β
923 1793 972 1855 put
984 1784 1060 1853 sequi
1074 1786 1204 1838 membra.
1227 1781 1256 1836 Si
1280 1783 1343 1851 quid
1360 1782 1430 1837 ierte
1448 1796 1604 1850 perversum
1620 1782 1646 1835 iu
1665 1783 1717 1837 lic·

87 1881 278 1946 humiliaberit,
301 1879 460 1934 exaltabitur
483 1879 602 1951 (Metti.
616 1894 701 1944 ιιιιι,
715 1879 750 1932 lu
760 1877 780 1946 ).
799 1877 874 1933 Unus
922 1875 1003 1930 clesia
1015 1875 1114 1929 sideris
1131 1873 1242 1938 Christi,
1256 1881 1349 1942 satage
1371 1872 1519 1940 corrigere,
1532 1880 1560 1926 et
1570 1872 1716 1928 emendare

85 1987 120 2026 er
134 1971 186 2026 illis
199 1986 262 2026 cum
276 1972 303 2025 in
319 1968 405 2026 deuiis
420 1970 476 2025 suis
491 1969 586 2025 luisset
599 1970 732 2034 ιιιιιιιιι,
748 1969 774 2024 in
787 1968 873 2024 oculis
923 1979 977 2020 uon
989 1979 1088 2019 cesses.
1103 1963 1131 2018 Si
1144 1964 1245 2019 videris
1261 1964 1378 2033 aliquem
1395 1964 1421 2018 in
1440 1964 1520 2018 domo
1533 1965 1591 2029 Dei,
1605 1972 1716 2032 quaeest

86 2062 194 2120 Dumim
216 2061 287 2129 iuste
309 2071 351 2116 est
374 2061 552 2117 humiliatust
577 2060 645 2116 alius
667 2077 729 2116 eum
749 2061 873 2117 inoculis
922 2056 1052 2122 Ecclesia,
1068 2070 1178 2110 currere
1190 2057 1224 2110 ad
1244 2056 1392 2120 luxuriam,
1407 2055 1440 2109 ad
1451 2057 1625 2119 ebrietatem,
1651 2071 1715 2125 pru·

85 2152 145 2209 suis
158 2151 296 2206 humiliter
308 2151 405 2207 suisset
417 2151 569 2221 despectus,
581 2152 607 2205 in
622 2151 708 2207 oculis
718 2150 765 2207 Dei
775 2151 873 2204 decen-
922 2146 1075 2211 hibe,veta,
1090 2146 1208 2210 semesi
1235 2145 1309 2201 zelus
1322 2146 1418 2201 domus
1432 2146 1477 2201 Dei
1492 2146 1610 2202 comedit
1632 2156 1668 2202 te.
1684 2147 1714 2201 Si

85 2251 128 2298 ter
150 2250 191 2297 est
213 2242 355 2297 exultatus.
379 2240 493 2296 llumilia
516 2251 542 2296 te
562 2256 642 2313 erqo,
657 2254 722 2306 rex,
738 2242 765 2295 iu
786 2240 872 2295 oculis
921 2237 1022 2293 videris
1040 2237 1167 2307 superbia
1191 2236 1338 2302 iniiatum,
1364 2245 1412 2293 aut
1437 2239 1575 2293 iracundia
1603 2255 1713 2306 saevum,

85 2332 156 2396 tuis,
170 2339 201 2386 ut
221 2331 350 2387 exalteris
370 2331 397 2386 in
419 2331 504 2386 oculis
523 2332 647 2398 Domiui;
663 2333 872 2402 quiaquantum
921 2340 967 2384 aut
995 2330 1121 2384 violentia
1144 2330 1334 2393 temulentum,
1351 2340 1398 2385 aut
1426 2331 1510 2386 livore
1532 2330 1624 2387 hatris
1647 2335 1716 2389 inri-

85 2420 214 2475 humilior
227 2419 310 2476 lucris
328 2421 356 2475 in
371 2431 517 2492 conspectu
532 2430 594 2489 tuo,
611 2430 715 2478 tautum
729 2423 873 2494 periodon
920 2419 994 2481 dum,
1008 2425 1055 2472 aut
1073 2417 1183 2472 libidine
1196 2419 1347 2484 incensum,
1364 2427 1412 2474 aut
1427 2420 1540 2474 avarith
1555 2421 1656 2489 rapinas
1670 2422 1716 2478 de-

83 2511 141 2568 eris
156 2512 183 2567 iu
197 2522 342 2583 conspeetu
356 2512 498 2568 hitissimi.
921 2507 1017 2572 ditum,
1030 2505 1077 2561 a'ut
1090 2507 1251 2562 crudelitate
1269 2506 1432 2573 violentum,
1456 2509 1574 2578 reprime
1597 2525 1713 2577 onmes,

366 2600 480 2656 CAPUT
505 2601 585 2657 xvii.
920 2601 1025 2653 minare
1036 2597 1171 2664 omnibus,
1187 2598 1336 2655 ctreirena
1354 2594 1641 2657 &verissimeomnes
1657 2602 1722 2658 Fac·
1811 2646 1813 2649 .

412 2692 452 2747 De
475 2709 548 2763 poce.
920 2689 1050 2760 quidquid
1067 2699 1144 2760 potes
1156 2705 1205 2760 pro
1223 2706 1339 2762 persona
1360 2707 1441 2762 quam
1454 2702 1554 2763 gestas,
1566 2710 1617 2764 pro
1632 2696 1713 2750 mini·

120 2779 204 2838 Nema
224 2782 297 2839 enim
317 2799 347 2839 se
366 2783 435 2852 apud
455 2783 540 2838 Deum
559 2783 645 2855 magis
659 2783 775 2849 ιιιΙιιιι,
788 2800 870 2856 quam
920 2783 1099 2852 sturioregali
1112 2783 1349 2854 quodpertes,pro
1361 2786 1470 2840 nomine
1482 2786 1630 2843 Christiani
1641 2787 1713 2856 qued

82 2873 130 2944 qai
145 2888 175 2928 se
188 2873 258 2942 apud
272 2873 447 2942 semetipsum
459 2879 568 2941 propter
582 2873 664 2926 ὓιιιιιι
679 2871 813 2927 humiliat
830 2873 871 2929 hd
920 2871 1014 2939 ιιιιιιι,
1026 2884 1076 2941 pro
1089 2873 1148 2926 siue
1166 2873 1266 2927 Christi
1282 2887 1335 2941 qua
1348 2872 1478 2945 iungeris.
1495 2873 1554 2929 Noli
1568 2876 1710 2945 quiescere

81 2965 135 3019 hoe
150 2963 222 3018 enim
236 2978 252 3018 a
268 2962 380 3017 Domino
395 2963 504 3017 humilis
523 2963 665 3026 exaltatur,
689 2972 719 3019 ut
738 2963 809 3019 illius
823 2964 871 3019 Dei
920 2961 1019 3017 heran
1032 2961 1180 3029 Christum,
1194 2962 1256 3032 quia
1271 2962 1390 3019 lucratus
1403 2979 1460 3018 esa
1478 2964 1598 3031 Christe,
1611 2976 1639 3022 et
1651 2981 1713 3036 per-

81 3063 111 3109 et
124 3054 210 3109 haeres
225 3053 324 3108 Christi
338 3062 460 3135 vocetur.
476 3052 593 3109 Tantum
607 3062 649 3109 est
666 3061 697 3110 ut
713 3067 810 3126 pacem
828 3069 871 3109 se-
922 3053 980 3109 lleis
993 3055 1021 3109 in
1037 3063 1083 3109 te:
1098 3051 1175 3108 Zetus
1190 3053 1283 3108 doinus
1297 3055 1408 3108 comedit
1423 3071 1472 3108 nae.
1487 3055 1540 3110 iste
1550 3058 1622 3112 enim
1638 3058 1714 3112 zelus

80 3154 192 3215 quatur,
210 3146 274 3214 qula
292 3159 387 3215 pacem
404 3159 527 3214 quaerere
541 3145 639 3211 dehet,
654 3154 683 3201 et
702 3146 778 3216 sequi
798 3146 869 3201 tilius
884 3105 906 3169 C
921 3143 1037 3200 sautem
1051 3139 1154 3207 tribuit,
1169 3143 1248 3197 idem
1267 3145 1374 3209 retinet,
1386 3146 1543 3214 pudicitiam
1554 3158 1656 3213 serrat,
1669 3163 1713 3202 rc-

79 3234 167 3305 pscis.
192 3232 294 3288 Taliter
306 3234 378 3288 enim
392 3248 441 3288 nos
456 3234 583 3289 admonet
593 3233 739 3305 Apostolus
754 3234 867 3290 dicens:
920 3237 1080 3293 etitudinem
1093 3243 1186 3301 amat,
1208 3244 1237 3290 et
1249 3236 1398 3291 Ecclesiam
1416 3237 1463 3291 Dei
1480 3237 1596 3309 gloriosa
1609 3239 1713 3295 uiuaci·

80 3322 181 3378 Pacem
193 3323 330 3393 sequimini
343 3339 403 3377 cum
415 3325 535 3378 omnibus
546 3333 570 3379 st
583 3327 800 3391 sanctimoniam,
813 3326 869 3381 sins
920 3339 975 3385 tate
989 3328 1118 3386 custodit.

79 3430 133 3484 quo
154 3429 206 3467 non
227 3412 344 3468 uidebitis
367 3413 448 3467 Deum
462 3414 471 3485 (
483 3413 564 3468 llebr.
579 3431 634 3481 ιιι,
649 3415 713 3486 ll).
729 3415 788 3485 lpse
802 3431 869 3485 quo-
1213 3417 1328 3474 ChPUT
1343 3417 1414 3472 lllll.
1481 3453 1483 3457 ι

79 3516 135 3574 sque
148 3502 278 3558 Dominus
292 3504 319 3558 iu
334 3502 480 3575 Evangelio
494 3505 533 3559 ait
547 3521 553 3558 :
570 3504 647 3559 Beati
660 3506 764 3574 pacifici
779 3522 789 3560 .·
803 3522 868 3576 quo·
1219 3508 1259 3562 De
1272 3508 1420 3563 clementio.

79 3594 154 3648 ιιιιιι
166 3593 215 3662 filii
230 3593 279 3648 Dei
291 3582 451 3648 uerebantur
463 3593 473 3666 (
484 3593 578 3649 Marti.
591 3612 623 3661 v,
637 3595 685 3668 D).
700 3596 767 3650 Nam
780 3605 808 3650 et
822 3596 866 3651 in·
953 3598 1088 3655 Memento
1101 3597 1164 3669 quia
1179 3598 1218 3654 sic
1233 3597 1324 3666 debes
1334 3612 1462 3654 exercerc
1481 3599 1652 3656 rectitudinis
1665 3615 1712 3656 ee·

79 3691 122 3738 ter
134 3699 183 3739 sua
198 3684 289 3740 dirina
303 3685 428 3739 mandata
440 3692 469 3739 et
480 3685 635 3756 magisteria
648 3684 792 3747 salutaria,
807 3699 868 3755 pas·
917 3690 985 3755 lum,
996 3697 1027 3745 ut
1049 3688 1211 3744 humilitatis
1229 3696 1311 3758 atque
1330 3688 1480 3744 elementiae
1498 3704 1551 3744 nou
1575 3689 1711 3760 relinquas

76 3771 153 3827 siem
173 3771 231 3842 jam
256 3773 395 3842 prosimus
418 3774 469 3828 hoc
494 3773 572 3828 nubis
596 3781 761 3844 preceptum
784 3785 868 3844 atque
918 3777 1046 3833 elicium.
1060 3777 1129 3832 uadi
1147 3779 1218 3847 quod
1230 3779 1360 3847 scriptum
1377 3786 1419 3833 est
1432 3795 1438 3831 :
1451 3777 1594 3832 Clementia
1605 3794 1709 3849 propo-

75 3862 235 3919 mausum
246 3864 445 3919 commendavit
456 3863 580 3920 Salvator
590 3865 808 3921 custodiendum.
822 3865 868 3919 uis
918 3877 960 3922 rot
972 3869 1052 3923 uitam
1063 3887 1072 3926 :
1086 3875 1111 3922 ct
1121 3869 1228 3922 sectatio
1239 3866 1595 3938 mulorum,mortem(l'rou.
1606 3883 1643 3931 ιι,
1653 3867 1710 3939 ib).

74 3954 172 4010 enims
187 3952 284 4008 Pacem
295 3970 380 4008 meum
392 3954 425 4009 do
439 3955 509 4009 uobis
524 3954 620 4027 (lanu.
634 3971 697 4022 ιιι,
710 3955 743 4010 ii
754 3960 774 4026 l.
791 3955 867 4014 ilaue
918 3959 976 4016 Non
987 3960 1059 4019 enim
1068 3961 1287 4031 parvipendenda
1298 3968 1358 4025 est,
1384 3959 1431 4015 sed
1452 3973 1623 4028 summopere
1637 3973 1711 4029 quee-

77 4050 159 4106 nobis
183 4050 368 4106 hereditatem
392 4054 541 4108 ascendens
566 4053 695 4108 Densinus
717 4052 743 4106 in
768 4053 867 4107 coelum
918 4050 1186 4119 rendu,iinuiterque
1201 4050 1316 4105 tenenda
1329 4050 1496 4118 uirtusque
1508 4049 1709 4104 nohisimmor-

76 4139 205 4210 reliquit3
219 4149 247 4196 et
259 4143 334 4211 sequi
346 4158 408 4197 eam
419 4159 467 4213 per
480 4158 558 4198 suum
573 4143 757 4198 fidelissimum
774 4158 866 4214 regem
917 4143 998 4198 selem
1010 4150 1038 4197 et
1050 4151 1180 4198 aternam
1192 4150 1329 4212 preparat
1346 4142 1440 4196 vitant.
1454 4141 1512 4195 lion
1532 4140 1604 4195 enirn
1616 4141 1709 4195 mrbu·

76 4229 162 4283 David
173 4232 421 4301 atqueprophetam
435 4232 866 4298 mandavi12Diuerteomalo,et
917 4234 989 4288 lenm
1003 4235 1112 4299 animo,
1138 4234 1186 4288 sed
1207 4246 1269 4287 curn
1289 4231 1431 4287 clementia
1456 4231 1539 4286 debes
1566 4228 1710 4299 disponere

77 4316 122 4385 {oc
136 4316 252 4372 bonum:
268 4320 369 4390 inquire
381 4337 485 4391 pacem,
499 4332 523 4376 et
536 4339 757 4393 persequeremur
771 4321 863 4394 (Psoi.
917 4332 1025 4380 cuncta.
1038 4324 1166 4390 Quamvis
1181 4338 1245 4395 erqo
1267 4338 1333 4378 aum
1346 4323 1464 4378 nitescas
1477 4330 1505 4376 ct
1514 4336 1643 4392 purpura,
1658 4322 1709 4376 hu·

76 4425 179 4473 xxnrt,
194 4410 229 4465 lb
238 4410 258 4482 i.
276 4411 305 4466 st
326 4413 395 4468 hanc
415 4414 487 4468 enim
508 4416 616 4470 sincero
632 4416 714 4471 corde
728 4416 803 4485 sequi
819 4431 866 4470 ru·
878 4447 904 4506 n
917 4413 1039 4469 militatis
1052 4428 1105 4468 non
1120 4414 1203 4468 debes
1229 4412 1347 4481 abiicere
1368 4412 1555 4478 clementiam;
1582 4410 1710 4480 quamvis

75 4499 223 4567 luerimus,
238 4501 337 4558 Christi
351 4503 472 4560 haeredes
484 4506 604 4570 erimus;
620 4507 642 4560 si
657 4514 748 4561 autem
762 4506 865 4562 Christi
918 4504 1001 4576 regali
1020 4505 1093 4560 cultu
1114 4506 1304 4575 resplendeas,
1325 4506 1359 4561 ab
1382 4504 1544 4560 humilitatis
1566 4502 1707 4558 clementia

76 4593 200 4648 heredes
222 4594 345 4662 cupimus
368 4610 445 4659 esse,
473 4596 500 4651 in
525 4597 626 4653 Christi
648 4613 714 4668 pace
737 4597 867 4654 dehemus
918 4610 970 4650 nou
984 4596 1110 4663 reccdas;
1134 4597 1258 4666 quamvis
1283 4596 1442 4666 populorum
1466 4595 1505 4650 sis
1525 4594 1708 4649 circumdatus

75 4682 191 4737 uersari.
207 4682 236 4738 st
251 4683 298 4738 hlii
313 4685 360 4739 Dei
381 4702 487 4754 sumus,
508 4689 612 4758 paciilci
631 4703 691 4745 esse
712 4689 863 4745 debemm:
898 4685 1097 4752 'multitudines
1112 4698 1140 4741 ιι]
1155 4695 1243 4742 tamen
1256 4688 1328 4758 biatu
1347 4686 1517 4742 clementiam
1534 4695 1615 4742 lene:
1629 4701 1707 4756 ¹08³·

74 4775 206 4845 pacibeos
225 4777 296 4831 enirn
318 4786 424 4848 oportet
441 4795 502 4835 esse
521 4781 568 4836 Dei
590 4780 660 4836 lilios
680 4791 707 4837 et
727 4780 863 4846 humiles,
919 4778 953 4833 lis
966 4780 1038 4834 enim
1052 4780 1139 4834 virtus
1159 4789 1212 4846 est,
1228 4789 1255 4835 et
1270 4781 1402 4835 horrorum
1420 4793 1512 4849 rapum
1536 4787 1627 4835 custos
1649 4785 1703 4834 est.

75 4872 169 4919 mente
184 4865 278 4932 mites,
293 4867 375 4924 carde
389 4868 539 4939 simplices,
555 4886 681 4927 sermone
693 4887 790 4943 purus,
806 4872 867 4926 ani-
917 4866 992 4924 lilam
1004 4870 1077 4925 enim
1087 4870 1389 4935 eustodiendo,illorusn
1405 4870 1496 4941 proles
1506 4869 1668 4934 servabitur,
1678 4877 1708 4925 et

74 4970 122 5010 nro
137 4954 310 5024 mnoeemes,
325 4958 423 5014 auecta
441 4962 604 5028 concordes,
625 4962 740 5018 hdeliter
759 4963 868 5019 sibimet
917 4960 1032 5016 thronus
1046 4961 1153 5016 illorum
1168 4960 1336 5017 solidabitur.
1353 4960 1400 5016 Sic
1413 4961 1485 5016 enim
1500 4962 1631 5031 scnqttum
1642 4969 1704 5018 eet:
1776 5031 1782 5041 ι

74 5045 243 5100 unanimiter
256 5048 433 5103 cohaerentes.
918 5053 1136 5109 Misericordiam
1149 5056 1243 5109 uentos
1256 5056 1408 5111 custodiant
1418 5072 1514 5126 noem,
1529 5066 1552 5112 et
1566 5057 1706 5111 roboretur

361 5136 475 5195 CAPUT
493 5139 584 5195 livill.
915 5143 1051 5200 clemenstia
1064 5146 1172 5200 thronus
1189 5144 1246 5214 ejus
1265 5143 1356 5216 (Prae.
1372 5163 1418 5212 ιι,
1430 5144 1487 5220 93).
1503 5146 1614 5218 lpsaest
1627 5146 1699 5201 caim

314 5226 353 5282 De
369 5227 424 5282 seio
442 5229 614 5284 rectitudim's.
916 5248 976 5304 qum
989 5235 1065 5289 laetos
1090 5235 1146 5306 regi
1160 5232 1225 5289 iacit
1238 5236 1342 5291 servire
1365 5239 1493 5308 pupulos:
1508 5239 1564 5308 ipsa
1581 5244 1623 5292 est
1643 5246 1705 5304 qun

111 5311 189 5371 Viam
204 5318 308 5389 regiam
319 5335 410 5392 perge,
424 5335 489 5387 rex;
509 5322 716 5379 nedecliuesab
731 5338 763 5378 ea
776 5340 865 5395 raeque
912 5323 1107 5394 juctmdisslme
1130 5324 1202 5396 regis
1231 5323 1296 5380 iacit
1312 5326 1473 5383 hilarescere
1488 5329 1609 5390 ruitum,
1633 5323 1705 5378 sicut

71 5407 110 5463 sd
135 5408 286 5474 dexteram,
305 5425 394 5480 neque
418 5412 453 5466 ad
473 5414 628 5468 sinistram:
644 5414 684 5470 sic
706 5416 778 5469 enim
803 5422 865 5471 tene
916 5416 1043 5472 salomem
1069 5415 1124 5469 ait:
1139 5414 1174 5468 ln
1185 5414 1320 5472 hilaritate
1344 5419 1429 5473 nutius
1455 5419 1541 5487 repis,
1569 5410 1706 5470 urezen-

69 5498 321 5557 stamnumusatis
331 5510 360 5556 ct
376 5503 463 5572 pacis,
478 5511 508 5558 ut
531 5518 546 5558 a
562 5503 618 5559 zelo
632 5501 685 5559 nbn
695 5505 814 5560 declines
826 5520 867 5562 re·
915 5506 1013 5561 mentio
1025 5505 1082 5575 ejus
1094 5505 1161 5560 sicsn
1171 5505 1253 5560 imber
1263 5510 1393 5563 serotinus
1410 5506 1500 5580 (Pron.
1511 5521 1569 5570 ιιι,
1582 5501 1704 5576 ili).ipsa

71 5587 224 5644 ctitudiuis.
255 5586 337 5654 Tene,
353 5591 473 5662 inquam,
487 5608 550 5656 rex,
577 5594 755 5650 humilitatem
773 5605 800 5650 et
817 5611 866 5665 pa·
915 5605 958 5652 est
972 5609 1032 5667 quse
1050 5597 1177 5654 omnihus
1198 5597 1225 5654 in
1239 5598 1339 5669 palutio
1353 5599 1423 5668 regis
1432 5596 1630 5666 jnctmditatem
1649 5591 1704 5649 mi·

71 5693 154 5744 cedar
173 5680 248 5737 etad
275 5681 359 5738 Deum
378 5699 440 5739 cum
459 5684 544 5741 Dauid
560 5684 664 5753 cluna,
688 5693 716 5745 et
735 5685 796 5741 dic:
811 5684 863 5741 Ze·
917 5687 1015 5743 uistrat
1030 5695 1112 5758 atque
1125 5688 1260 5755 latitiam3
1277 5677 1333 5758 ipsa
1358 5695 1399 5744 est
1418 5686 1592 5758 quecunctis
1610 5691 1709 5760 puers
