3810 6120
169 250 221 308 sta
810 250 876 305 Sllal
882 250 985 307 ltldbl
1004 253 1148 311 ‚subalta
1743 257 1799 311 8723

168 363 397 441 proficiscentium
410 379 418 429 ;
430 359 546 433 qualiter
561 368 592 415 ut
602 368 630 415 cl
643 359 792 416 volatilium
809 361 902 416 esibus
916 361 954 415 iu·
970 366 995 425 Α
1008 361 1131 427 fratrum,
1149 374 1278 434 tauquam
1299 363 1398 420 Christi
1417 364 1502 420 letior·
1520 363 1601 420 iurarit
1616 363 1693 421 cibus
1704 372 1801 431 arastis

168 455 240 512 droti
254 462 448 516 sustententur,
461 461 488 506 et
499 451 644 521 larrginquo
661 451 756 504 itincre
769 451 916 516 destinati,
934 451 957 509 si
1008 452 1158 507 charitatis.

169 556 245 605 aula
261 545 383 619 principe
407 541 446 596 rel
469 543 595 612 episcopa
610 551 762 612 sperantur,
784 558 833 612 pra
848 542 958 598 lteraedi-
1044 541 1096 596 Sed
1109 543 1170 613 quia
1186 543 1280 597 nastris
1294 542 1450 612 temporibus
1464 541 1492 594 id
1503 543 1637 597 monueritis
1650 546 1802 612 persuade-

168 639 257 698 etionc
275 645 302 692 et
326 635 477 690 obedientia
503 636 646 704 ‹legrtstare
669 651 722 690 nan
746 645 878 702 ructuant,
901 650 958 690 ser·
1009 633 1031 687 ri
1043 650 1094 687 nan
1105 643 1196 704 potest,
1209 633 1301 687 saltem
1314 633 1351 687 ael
1362 634 1412 687 boe
1423 635 1627 701 consentiamus,
1640 644 1669 689 at
1684 653 1738 693 nan
1752 655 1802 691 rtr-

168 739 262 784 rantes
276 726 348 795 apud
369 740 398 780 se
414 726 446 780 de
463 726 566 793 reliquo
580 725 775 781 continentiam
790 732 954 780 corasuctaro.
1007 739 1057 795 quc
1075 722 1109 776 ad
1124 724 1270 777 uarietatem
1287 722 1415 786 bibamus,
1437 723 1483 776 scd
1499 724 1615 793 parcius,
1633 726 1802 797 quincianum

168 819 244 887 Qtrod
262 818 356 890 siquis
369 816 678 879 rnortaclrusriolarerit,
692 825 824 872 etenutra
841 818 963 875 sanctie.
1007 823 1156 884 apostatare
1178 813 1242 884 tecit
1262 814 1330 867 enim
1351 814 1483 884 sapienter
1502 812 1804 887 (Ecetimrxlmpnsta-

167 908 344 980 nemlleqnlm
353 924 485 981 usumque
493 910 691 964 recensuissem
699 910 957 979 cantibuspncsnm·
1008 911 1066 958 tate
1087 905 1185 961 dicitur
1208 920 1222 958 ³
1248 904 1291 958 lia
1313 905 1425 973 instilla}
1449 905 1594 970 recedere,
1612 923 1628 960 a
1647 907 1699 962 sade
1714 916 1803 964 trans·

167 1000 263 1071 pserit,
278 1013 325 1053 sex
342 999 475 1055 mensium
491 998 577 1066 spatia
590 998 736 1052 retrusioni
751 1007 778 1052 et
789 997 957 1066 paenitentiae
1007 990 1103 1063 gredi,
1126 993 1264 1058 retroire,
1287 993 1328 1047 vel
1351 1008 1366 1046 a
1387 994 1458 1049 bano
1481 996 1665 1064 praevaricari.
1696 997 1803 1055 ilerum

169 1088 329 1158 subjacebit.
349 1086 426 1156 Quod
440 1087 627 1143 autemdicit:
645 1087 753 1151 debiles,
768 1097 889 1159 epratus,
903 1104 955 1143 nou
1007 1082 1142 1151 quomodo
1158 1084 1249 1141 niniam
1273 1085 1409 1155 sapientes
1432 1083 1515 1141 iaciat
1538 1096 1710 1158 apostatare,
1735 1090 1801 1149 dili-¹

168 1181 246 1246 eluas,
261 1189 289 1233 ut
301 1179 421 1250 plerique
431 1187 536 1248 putant,
552 1181 598 1235 sed
611 1194 690 1233 unam
706 1186 810 1233 tannim
824 1179 958 1249 siquidem
1007 1182 1102 1244 genter
1115 1175 1234 1231 attende.
1254 1175 1310 1232 Noe
1325 1177 1397 1232 enim
1413 1177 1532 1248 sapiens,
1554 1190 1667 1235 saumas
1681 1190 1712 1236 et
1728 1184 1802 1237 anti-

168 1285 228 1329 esso
250 1284 403 1340 personam.
425 1268 494 1340 Erga
518 1268 613 1325 debilis
636 1277 752 1339 aegrotus
774 1269 884 1330 dieitur,
909 1266 955 1338 qui
1007 1267 1154 1336 quissimus
1170 1267 1222 1333 vir,
1237 1281 1318 1337 quem
1332 1276 1413 1321 tantae
1429 1269 1514 1325 moles
1535 1284 1666 1341 aquarum
1688 1287 1744 1327 non
1759 1273 1802 1327 si-

168 1358 247 1430 longa
261 1358 303 1413 rel
325 1357 391 1412 dura
413 1357 571 1429 egritudine
594 1364 771 1426 pressissem,
786 1358 820 1414 ad
834 1357 958 1412 debilita-

127 1459 146 1525 ,ξ
174 1461 229 1504 tem
251 1451 416 1520 perductus,
440 1449 482 1502 cui
505 1448 682 1518 reparationis
709 1463 790 1501 carisa
806 1451 895 1503 rictus
917 1456 957 1500 cst

171 1554 285 1594 carneus
300 1537 474 1593 adhibendus.

467 1668 580 1725 CAPUT
597 1669 651 1722 lli..

423 1780 461 1835 lte
478 1796 600 1835 mensura
613 1788 699 1850 potus.

206 1893 387 1968 Unusquisque
399 1892 533 1962 proprium
547 1890 623 1943 trabet
635 1889 732 1943 donum
744 1904 776 1949 ea
793 1887 865 1953 Dra;
883 1885 954 1941 alius

166 1989 217 2052 sie,
225 1984 294 2039 alius
306 1999 364 2037 uero
375 1982 411 2035 sic
419 1979 443 2052 (l
453 1977 514 2033 Cor.
524 1977 584 2050 rra).
600 1977 676 2044 Quod
687 1984 777 2034 autem
791 1975 856 2061 dicit
869 1994 874 2029 :
888 1975 956 2030 alius

170 2082 218 2143 rie,
235 2075 303 2131 attur
316 2089 375 2130 aero
393 2072 441 2138 ric,
455 2069 612 2141 intelligitur
626 2068 698 2138 qnod
716 2068 784 2127 alins
797 2080 829 2121 ex
840 2066 896 2121 Deo
912 2066 957 2120 lra-

168 2170 215 2225 bet
228 2165 399 2223 abstinentie
423 2162 523 2218 dostram
545 2159 670 2230 amplum,
686 2160 756 2214 alius
772 2173 836 2213 uero
853 2158 954 2214 rnlrrus.

169 2263 204 2317 Et
219 2263 279 2317 idco
293 2273 352 2314 curn
369 2269 466 2326 magna
479 2251 583 2309 caritela
597 2265 690 2305 conum
708 2251 785 2305 cibus
799 2256 841 2304 est
855 2257 957 2319 tempe-

168 2352 286 2415 randus,
307 2347 349 2402 rel
372 2354 468 2416 porrrs;
484 2358 533 2408 ne,
551 2341 616 2396 dum
634 2341 677 2395 ille
690 2342 735 2412 qni
751 2341 840 2396 minus
854 2338 957 2410 indiqet

168 2447 344 2512 temperatur,
369 2436 413 2490 ille
435 2435 480 2505 qui
501 2434 561 2506 plus
581 2433 684 2505 indiget
703 2430 955 2519 inopimpenoriam

169 2533 297 2606 patiatur.
308 2528 454 2596 Propterea
467 2525 604 2594 seqnitur:

209 2621 243 2674 Et
257 2619 315 2673 idea
329 2615 489 2687 cumulique
502 2614 702 2686 scrupulositate
715 2631 732 2667 a
745 2613 817 2668 nobis
833 2630 956 2669 ntencura

167 2714 251 2771 uictus
277 2709 390 2765 aliarum
417 2708 592 2762 constituitur.
635 2704 835 2776 scrupulositas
859 2704 957 2760 dicitur

168 2803 320 2870 mestitia,
353 2810 380 2856 ct
405 2800 547 2864 anxietas,
573 2796 740 2861 sollicitatio,
767 2795 808 2850 uel
832 2793 954 2850 molestia

169 2895 262 2950 autimi.

205 2984 303 3039 Tamen
323 2983 488 3054 infirmorum
506 2990 655 3035 contuentes
672 2976 887 3043 imbecillitatem,
900 2995 955 3035 cre-

1008 1364 1111 1424 cerant‚
1126 1372 1142 1410 a
1157 1357 1263 1412 modico
1276 1358 1338 1412 rino
1350 1358 1471 1414 devictus
1486 1367 1544 1423 est,
1566 1368 1594 1417 et
1615 1361 1650 1415 ab
1665 1361 1802 1418 ebriomte

1010 1445 1147 1503 dormiens
1170 1446 1296 1503 nudatos.
1317 1447 1504 1505 Patriarclmm
1523 1464 1588 1504 uero
1612 1448 1681 1509 Lotb
1705 1452 1801 1506 ninom

1007 1545 1162 1607 apostatare
1182 1537 1260 1606 lecit,
1282 1540 1389 1610 qnando
1402 1549 1496 1595 contra
1512 1550 1634 1597 naturam
1649 1544 1676 1597 in
1691 1543 1801 1601 [ilialms

1008 1628 1064 1682 suis
1077 1629 1248 1700 impudenter
1260 1631 1439 1708 commiscuit.
1460 1630 1489 1685 Si
1503 1646 1569 1701 crgo
1579 1633 1683 1691 sanetis
1697 1645 1725 1689 et
1739 1652 1800 1691 ma·

971 1712 994 1773 il
1008 1721 1113 1791 gallicis
1124 1723 1190 1777 viris
1203 1723 1258 1777 virui
1273 1724 1391 1779 ebrietas
1404 1740 1458 1777 non
1479 1725 1613 1793 pepercit,
1627 1734 1730 1796 quanto
1743 1742 1801 1782 rna·

1008 1812 1049 1881 gis
1062 1812 1188 1884 exiguum
1201 1823 1283 1884 atque
1296 1815 1433 1874 inlirruuns
1452 1816 1613 1871 monachum
1634 1819 1796 1888 superabit!

1044 1899 1093 1956 Ubi
1108 1912 1195 1958 atatem
1212 1904 1263 1960 loci
1277 1907 1416 1961 necessitas
1429 1909 1563 1979 capescit,
1587 1919 1616 1962 ut
1634 1926 1680 1963 uec
1699 1926 1799 1980 superr-

1007 1991 1105 2061 scripta
1118 2007 1241 2046 mensura
1256 1993 1365 2047 irrueniri
1378 1997 1469 2064 possit,
1482 1995 1528 2050 ted
1542 1995 1624 2051 marito
1640 1998 1737 2061 minus,
1751 2010 1800 2053 aut

1007 2096 1039 2133 ec
1052 2090 1105 2134 toto
1129 2081 1205 2149 nibil,
1221 2081 1373 2139 berrcdicaat
1392 2084 1476 2141 Druna
1499 2087 1544 2156 qui
1564 2088 1599 2141 ibi
1615 2088 1756 2157 habitunt,
1773 2101 1800 2145 ct

1007 2187 1059 2224 aron
1072 2184 1243 2229 mannarent.
1269 2176 1337 2242 Quia
1359 2178 1431 2233 enim
1452 2179 1597 2249 Apostolus
1619 2180 1728 2237 infirmo
1753 2182 1800 2239 'l'i-

1007 2263 1116 2318 motheo
1139 2263 1234 2320 scribit
1257 2267 1368 2322 dicens:
1392 2267 1496 2323 Modica
1519 2270 1577 2325 aina
1600 2281 1672 2327 utere
1690 2284 1801 2344 propter

1006 2355 1168 2408 stontuclrum
1190 2365 1263 2409 tritam
1296 2368 1319 2411 et
1343 2359 1488 2429 frequentes
1503 2371 1562 2419 tuas
1580 2363 1747 2432 irrfirutitates
1772 2367 1800 2439 (l

1008 2445 1075 2498 Tim.
1091 2445 1129 2516 u),
1143 2455 1274 2516 quantum
1291 2451 1431 2505 monacbis
1448 2454 1596 2509 meandum
1615 2456 1689 2511 vires
1703 2474 1800 2514 orona-

1006 2537 1080 2591 sterii
1099 2553 1148 2608 per
1160 2539 1280 2610 singulos
1294 2534 1353 2597 dies
1365 2543 1442 2612 jussu
1453 2544 1495 2599 rel
1506 2546 1706 2615 dispensatione
1718 2550 1800 2605 abba-

1006 2626 1041 2680 tis
1052 2626 1108 2680 vini
1118 2626 1285 2683 allectorium
1301 2630 1446 2702 accipiant,
1459 2641 1486 2686 et
1497 2620 1612 2704 amplius
1621 2636 1733 2704 penitus
1744 2654 1798 2692 nori

1006 2717 1155 2787 requirant.

1043 2802 1101 2861 lloc
1114 2816 1174 2863 unte
1182 2808 1270 2865 omnia
1280 2812 1447 2870 admonentes
1459 2825 1486 2870 ut
1498 2817 1594 2887 absque
1607 2821 1800 2875 murmuratio·

1007 2898 1082 2954 nibus
1098 2901 1159 2955 sint.
1189 2903 1271 2959 Decet
1294 2905 1365 2961 enim
1389 2910 1537 2964 monachos
1559 2909 1617 2965 sine
1637 2927 1798 2968 murmura-

1007 2988 1081 3043 tione
1097 3005 1168 3057 csse‚
1181 3007 1216 3046 ne
1229 3001 1342 3064 pereant
1353 3000 1563 3065 murmurando,
1576 3001 1647 3057 sient
1660 3010 1688 3057 et
1701 3002 1742 3058 illi
1756 3019 1802 3074 po-

169 3077 257 3131 litum
270 3076 401 3139 deminum
421 3073 474 3129 uini
486 3087 532 3142 per
550 3058 666 3140 sinpulas
686 3069 1114 3143 supereminentiamque
1134 3080 1179 3149 qui
1200 3082 1227 3136 in
1249 3083 1356 3142 deserto
1372 3100 1625 3158 murmuraverunt,
1648 3095 1799 3165 reperdita

172 3163 273 3230 Quibus
296 3170 384 3215 antem
403 3161 483 3214 durrat
503 3158 571 3212 licus
594 3157 760 3212 tolerantiam
783 3158 956 3225 abstinentie,
1009 3167 1125 3225 salinarum
1140 3171 1260 3239 nomine,
1280 3174 1352 3233 aliud
1370 3179 1520 3237 secundum
1542 3181 1703 3254 Apostolum
1722 3188 1798 3242 acci-

168 3254 303 3326 prapriam
314 3251 485 3307 relabituros
498 3248 640 3303 mercedem
653 3248 747 3302 sciunt.
771 3247 821 3304 llic
838 3247 958 3303 inllrmo-
1007 3257 1081 3327 piant
1098 3275 1205 3328 nomeu,
1223 3262 1249 3318 id
1262 3275 1313 3334 est,
1329 3280 1553 3338 murmuratores,
1569 3277 1725 3346 querelosi,
1743 3280 1800 3337 lica

169 3361 230 3401 mru
243 3342 454 3400 imbecillitatem
467 3357 519 3398 non
530 3356 579 3411 pro
589 3341 712 3410 corporis
720 3340 893 3413 aegritudine,
911 3343 958 3398 sed
1008 3348 1131 3407 odibiles.

167 3454 218 3513 pro
230 3438 313 3494 anistri
328 3437 393 3494 (sicit
411 3432 635 3505 impossibilitate.
656 3430 714 3489 Non
731 3433 803 3489 eadm
822 3434 957 3489 abstinen-

164 3534 233 3588 ‘tialo
248 3529 368 3586 eatenus
384 3543 482 3598 corpus
500 3526 570 3599 valet
589 3523 715 3594 implere,
733 3526 784 3580 nisi
808 3525 957 3582 cidalarius

169 3622 279 3676 animus
303 3617 472 3674 abstinentiae
496 3617 673 3673 consenserit.
695 3615 764 3671 Sunt
784 3617 856 3671 enim
880 3618 958 3674 multi

1300 3467 1414 3535 CAPUT
1433 3471 1500 3528 xit.

1121 3590 1222 3656 Qubus
1239 3595 1311 3651 batis
1325 3608 1441 3671 aportem
1456 3603 1561 3673 reficere
1575 3607 1681 3676 scotres.

171 3708 507 3780 quiabstlnerepoterant
523 3710 632 3776 propter
652 3720 809 3760 concessam
825 3706 956 3775 salutern,
1043 3723 1166 3781 psam
1181 3724 1285 3787 pam
1298 3747 1379 3802 “W
1400 3735 1436 3799 qd
1450 3732 1631 3806 mmm,
1647 3742 1682 3795 ad
1698 3756 1799 3801 'mm

170 3801 282 3857 sednon
293 3796 595 3866 nalcmprapteranirni
609 3790 957 3851 imbecillitateru.llemina
1007 3813 1126 3882 reficiam
1149 3816 1262 3886 prm,
1287 3831 1311 3875 α
1331 3821 1367 3888 ad
1386 3841 1471 3879 mam
1489 3839 1597 3885 ww·
1619 3830 1799 3895 nimbum

168 3892 241 3949 enirn
255 3890 312 3946 vini
325 3889 452 3961 appendit
464 3888 561 3943 libratu
573 3904 664 3956 unani,
678 3905 738 3961 que
749 3890 884 3963 geminata
897 3907 957 3946 sex·
1007 3902 1195 3962 lsqpmpsap:
1212 3909 1259 3987 μω
1283 3921 1347 3969 sum
1369 3912 1444 3970 sem
1468 3920 1679 3990 mmmmm,
1698 3926 1800 3998 imi·

170 3984 270 4039 ⁸³li¹¹¹¹¹
284 3979 360 4036 sicli·
1007 3996 1057 4051 bus
1066 3997 1171 4068 jejunia
1186 4004 1401 4074 conquiescunt:
1417 4007 1445 4063 ia
1457 4010 1553 4081 primis
1564 4016 1733 4077 remeabitis
1742 4020 1801 4077 mes

204 4072 281 4140 Quod
301 4072 325 4129 si
339 4081 385 4126 ant
408 4070 458 4126 loci
477 4071 632 4137 necessitas,
654 4071 692 4127 uel
716 4072 799 4141 labor,
816 4084 861 4129 aut
877 4075 958 4130 ardor
1006 4082 1391 4152 Domjnpfflsnomjnpchrjsfi
1404 4097 1526 4165 dicum,
1541 4104 1672 4174 quim
1683 4118 1799 4179 'mr

168 4166 267 4222 testatis
287 4163 398 4235 amplius
417 4163 572 4235 poposcerit,
594 4164 620 4218 in
640 4162 748 4220 arbitria
768 4166 957 4238 priariscansi·
1007 4180 1166 4249 mysterium
1189 4187 1396 4246 resurrectionis
1415 4190 1474 4261 ‘pu‘
1491 4195 1622 4254 solemnis
1644 4208 1705 4267 ω’
1720 4203 1759 4259 m
1772 4216 1801 4261 a

168 4264 232 4320 stat,
250 4253 418 4309 considerans
437 4253 465 4308 in
481 4252 643 4309 omnibusne
659 4256 956 4327 crtlrepatsatietusaut
1006 4268 1183 4345 apqflomngs
1206 4291 1299 4335 serpo,
1321 4279 1548 4350 ejuscepebrime
1573 4289 1694 4351 emi-vii
1710 4294 1801 4350 mm

168 4343 289 4399 cinctas.
312 4340 382 4398 llinc
397 4340 540 4399 Ferreolus
555 4343 593 4399 ait
605 4362 611 4397 :
624 4345 662 4400 lle
679 4345 811 4402 ebrictate
833 4363 897 4404 sero
911 4364 957 4405 su·
1008 4362 1105 4434 gaudio
1127 4367 1264 4427 stupebit·
1284 4369 1352 4431 pem
1376 4388 1391 4427 2
1413 4375 1501 4444 prima
1522 4377 1567 4433 dia
1582 4376 1699 4439 pam
1714 4399 1803 4453 ”w

163 4431 344 4503 perurroputa
355 4433 516 4489 monachum
528 4437 785 4501 commoneri,cum
800 4438 856 4507 sel,
868 4440 890 4496 si
910 4457 958 4513 pa·
1010 4455 1252 4530 apppmecospn,
1275 4462 1313 4520 pa
1332 4465 1437 4523 scilicet
1460 4469 1597 4527 coutinuis
1621 4473 1720 4531 didm
1731 4474 1801 4546 m

167 4538 228 4579 nna
239 4523 295 4579 rlnl
308 4523 439 4595 accipiat,
464 4539 479 4579 a
500 4526 644 4597 preposita
657 4529 780 4601 corporis
794 4532 956 4588 contritione
1010 4548 1084 4602 „jum
1096 4564 1113 4604 a
1127 4553 1229 4608 sancti,
1240 4551 1367 4612 Patribus
1382 4558 1544 4617 piswlumm
1559 4570 1612 4627 est,
1630 4573 1746 4635 promer
1758 4582 1801 4623 m·

168 4612 294 4669 ‘lecum'
308 4613 341 4669 ⁸¹
350 4613 412 4669 ¹³⁸⁰
422 4615 584 4669 ¹¹³⁰¹¹²⁰h¹¹¹¹¹
597 4615 619 4670 εἰ
633 4615 749 4684 ⁰hf3⁰¹¹¹r
763 4621 835 4689 ‘1¹¹0d
846 4620 898 4677 *¹5⁰5
910 4639 958 4678 ¹¹⁰·
1009 4641 1206 4699 surrectionem
1221 4644 1344 4701 videlicet
1356 4645 1456 4705 Christi
1475 4659 1505 4705 ct
1515 4651 1675 4707 adrentum·
1681 4653 1801 4726 Spiritm

169 4703 271 4772 lasest,
282 4705 368 4762 uideri
378 4705 523 4777 aliquanda
534 4707 687 4778 contigerit,
702 4711 793 4768 zelans
810 4712 847 4767 illi
861 4713 957 4785 plenus
1009 4732 1107 4797 sapen,
1119 4740 1150 4787 „q
1162 4733 1191 4789 hp
1211 4735 1269 4793 (pes
1291 4753 1346 4795 no„
1364 4740 1392 4795 in
1408 4740 1493 4813 figura
1506 4742 1619 4809 laboris,
1639 4749 1717 4815 quod
1730 4750 1799 4817 ow

169 4797 209 4850 lra
222 4797 350 4867 praccipio
361 4807 391 4852 ut
406 4797 517 4869 triginta
538 4797 634 4854 diebus
658 4801 740 4856 ovini
758 4804 881 4873 pactione
897 4822 955 4861 sus·
1009 4819 1168 4891 psagesqmae
1181 4830 1287 4894 pmpus
1309 4828 1455 4897 significat,
1480 4833 1527 4888 sed
1540 4833 1568 4887 in
1578 4833 1672 4903 qum
1688 4836 1799 4899 '3553’

169 4887 312 4956 pendatur,
333 4896 466 4957 qnatenus
483 4890 572 4946 omnia
594 4889 738 4959 inlusione,
764 4909 892 4953 concessa
914 4899 955 4954 di·
1008 4912 1106 4971 1³13qu
1123 4913 1236 4986 jejuniis
1253 4920 1433 4979 celebrem„-
1452 4924 1685 4987 ffincfflim
1705 4933 1764 4989 ,ῆς
1776 4933 1797 4987 Δ

169 4978 299 5049 dmm·
319 4979 369 5036 ¹¹⁰⁰
382 4982 468 5051 8931ῑο
479 4992 635 5039 l²⁰¹¹⁰¹¹l¹¹l2
1011 5019 1120 5077 vespere
1155 5008 1262 5065 sabbati
1290 5028 1350 5081 quse
1378 5013 1490 5071 lucescit
1516 5017 1545 5072 iu
1574 5018 1621 5077 dia
1644 5020 1798 5083 flaminica,

206 5069 276 5126 dicet
288 5071 501 5142 trasumenum
512 5077 618 5131 omnino
629 5077 815 5133 ntonuclrorum
826 5098 876 5136 nan
889 5099 953 5138 esse.
1009 5110 1094 5165 usque
1109 5097 1142 5152 ad
1157 5114 1298 5169 vesperam
1311 5101 1397 5174 ipsius
1413 5104 1579 5173 Dominicis,
1595 5117 1623 5165 et
1639 5112 1709 5169 totis
1720 5112 1799 5181 natu

171 5156 222 5216 libi
241 5160 293 5217 boo
314 5161 444 5230 scriptum
466 5163 561 5221 beatus
579 5166 741 5224 Benedictus
760 5168 865 5241 legerit,
881 5175 953 5230 audi.
1009 5185 1172 5257 quagesimae
1191 5189 1297 5257 diebus,
1312 5207 1362 5249 nec
1376 5209 1462 5264 persua
1475 5198 1599 5263 curvari,
1617 5215 1671 5257 nac
1684 5203 1799 5275 letanio-

168 5251 213 5306 lllt
226 5249 300 5306 enirn
312 5247 423 5321 quidam
437 5253 564 5323 antiquus
577 5255 687 5314 latrum
706 5278 713 5315 ι
728 5258 798 5317 Caro
811 5271 839 5317 ct
851 5263 953 5332 vinum,
1009 5290 1069 5330 rum
1080 5277 1200 5348 regulam
1215 5281 1346 5337 custodiri
1359 5281 1470 5340 Petrum
1477 5287 1627 5344 constituta
1638 5304 1795 5349 sanxerunt.

167 5343 227 5399 sico
243 5349 325 5413 potrus
337 5341 364 5395 in
376 5354 432 5410 quo
445 5341 481 5397 sit
493 5344 619 5411 ebrietas,
637 5350 776 5406 relrrtanda
792 5362 854 5410 stant
868 5371 883 5408 a
899 5371 956 5411 raro·
1007 5364 1085 5432 Quod
1094 5366 1193 5424 dixerit
1207 5388 1212 5423 :
1232 5386 1290 5424 scra
1309 5382 1428 5439 coeueut,
1443 5390 1493 5445 pro
1507 5379 1602 5450 tarde,
1622 5382 1717 5450 pesnis
1729 5398 1795 5441 scra.

168 5436 273 5500 nacbis,
288 5448 339 5491 neo
354 5434 540 5506 suscipienda,
565 5439 662 5506 quibus
677 5457 726 5511 pro
741 5444 850 5501 Christo
866 5449 954 5504 cnaei·
1006 5455 1077 5511 sicut
1089 5472 1201 5528 vespera
1217 5461 1318 5516 dicitur
1339 5478 1388 5533 pra
1409 5480 1530 5535 respcre.
1549 5465 1636 5523 Coerra
1657 5483 1796 5528 raeatma

167 5524 239 5581 daus
252 5534 295 5582 est
306 5524 431 5591 mundus,
448 5536 475 5582 et
489 5527 540 5597 ipsi
554 5530 662 5594 arundo,
680 5541 708 5586 ct
723 5532 804 5590 serias
822 5540 955 5594 arroraaclro
1006 5546 1194 5602 commuuione
1210 5551 1386 5604 nescentium.
1415 5551 1518 5609 Cretaea
1536 5555 1637 5626 qnippe
1655 5573 1796 5614 commune

168 5629 224 5670 nou
242 5633 303 5674 csse
323 5633 404 5686 super
429 5629 548 5687 terram,
573 5621 624 5676 nisi
647 5624 780 5681 nrodicnm
795 5629 822 5681 in
838 5631 954 5686 aureum
1007 5633 1098 5689 dicunt
1116 5635 1214 5694 Greci.
1236 5639 1312 5697 Unde
1329 5651 1356 5697 et
1376 5644 1545 5701 caenaculum
1565 5662 1582 5701 a
1602 5653 1794 5707 communitate
