3810 6120
58 326 110 382 tet

585 324 762 382 COMMENT.
782 323 816 378 tv
836 325 914 379 truc.
935 324 962 378 S.
982 322 1172 416 cubuerunt.

1631 328 1684 383 802

57 441 135 498 dium
158 436 292 508 acquirit,
318 436 344 490 id
364 446 423 499 est,
443 437 522 492 utsit
543 438 614 491 iuter
643 438 883 506 dispensatorcsn
931 433 1112 492 Humilitatem
1133 440 1296 493 anteonrnia
1317 440 1683 494 tateatsereatsetaanta

57 538 89 587 et
102 526 356 584 ministrosllomiui
371 526 517 580 inmoratus
536 526 562 579 in
575 526 653 580 eeelcu
673 527 742 591 Quia
756 525 801 594 qui
819 526 846 577 ia

58 617 174 678 servitio
186 615 234 670 llei
247 615 308 684 plus
320 615 424 669 laborat
436 616 464 668 ia
483 617 619 684 prasenti,
633 615 692 684 plus
709 614 843 669 mercedis

58 709 176 780 semmel
190 708 218 762 in
231 705 331 761 lutura.

95 795 438 867 tarwanensium,
448 794 576 862 hospitum
588 808 779 863 pauperumque
789 808 847 846 eunt

57 890 131 947 mni
144 886 320 943 sollicitudine
330 900 421 938 suram
436 893 518 954 perat.
532 884 559 936 Ιιι
578 883 735 937 infirmitate
751 883 847 952 positis

59 982 192 1039 iratribus
201 979 323 1050 diligenti
338 992 404 1033 eura
419 985 448 1031 et
465 977 667 1047 promptissimo
679 976 777 1032 allecta
794 977 845 1031 uri·

58 1073 167 1127 nistret.
184 1070 319 1138 Scriptum
341 1076 384 1122 est
402 1067 493 1121 urim:
510 1066 635 1134 lnfirrrrus
653 1066 703 1134 lui,
719 1076 742 1119 et
758 1067 847 1122 uisita-

58 1165 107 1220 stis
134 1179 174 1217 me
197 1162 305 1233 (blattis.
334 1160 408 1228 ιιι).
428 1157 592 1221 balantibus,
617 1158 791 1212 considerans
819 1158 845 1211 ia

59 1253 102 1308 eis
119 1252 207 1306 utatis
227 1245 401 1318 lmgilitatcm
422 1256 449 1301 ct
467 1247 590 1316 corporis
619 1247 842 1314 teneritudinem,

58 1356 121 1411 quae
151 1339 306 1394 necessaria
338 1344 403 1392 sunt
432 1344 545 1405 paterno
569 1336 705 1390 ministret
732 1336 842 1390 allecta.

58 1428 218 1497 lluspitibus
236 1424 388 1481 necessaris
409 1425 545 1494 porrigat,
563 1424 626 1492 qrtia
639 1426 767 1494 scriptum
780 1434 843 1479 est:

60 1516 162 1586 Hospes
182 1517 267 1586 [κιαι
286 1515 432 1584 suscepistis
446 1530 487 1568 rne
505 1513 609 1584 (tlte).
626 1513 658 1567 m
670 1515 732 1582 quia
747 1531 843 1584 praece·

59 1615 136 1677 ptum
149 1615 192 1662 cst
206 1625 213 1660 ι
228 1604 306 1661 Omni
319 1606 413 1672 petenti
424 1613 448 1658 te
459 1605 543 1658 tribue
557 1603 631 1672 (Luc.
645 1603 693 1672 vt).
707 1604 727 1657 a
742 1619 844 1674 paupe·

899 541 951 579 non
966 536 1002 580 est
1017 544 1074 597 que
1092 530 1233 595 tribuatur,
1246 546 1331 584 sermo
1344 533 1520 600 responsionis
1533 532 1685 601 perripatur

898 614 989 677 bonus,
1012 628 1040 669 ut
1058 621 1183 688 scriptum
1201 630 1238 673 est
1262 635 1271 672 .·
1292 639 1375 676 senno
1397 622 1479 676 bonus
1499 640 1578 692 super
1591 623 1683 677 datum

898 704 1022 772 optimum
1052 705 1155 775 (Eccli.
1183 709 1280 780 ιιιιι).
1314 710 1378 764 Siue
1406 711 1488 766 dubio
1517 719 1608 765 autem
1636 712 1683 781 qui

898 813 990 853 veram
1016 799 1193 854 bumilitatem
1219 800 1344 855 babuerit
1365 802 1392 855 ln
1413 802 1504 866 corde,
1529 815 1682 856 sermonem

897 893 996 948 bouum
1011 892 1130 962 proleret
1144 893 1169 947 iu
1183 909 1247 958 ure;
1265 902 1293 948 ct
1303 894 1369 961 sssire
1382 894 1426 956 sit,
1443 895 1501 948 sive
1523 894 1593 949 desit
1607 895 1678 963 quod

896 981 1008 1046 tribuat,
1028 996 1180 1036 sermonem
1199 983 1302 1038 dulcem
1315 984 1440 1038 omnibus
1457 984 1578 1054 porrigat
1598 992 1681 1054 atque

895 1071 1005 1126 bouum.
1022 1073 1049 1126 ln
1063 1073 1252 1128 Ecclesiastico
1263 1081 1352 1127 autem
1364 1074 1494 1141 scriptum
1508 1082 1549 1129 est
1563 1092 1570 1128 ι
1588 1074 1682 1131 Nonne

896 1161 1016 1215 ardorem
1031 1162 1192 1232 refriperabit
1208 1180 1261 1227 ror,
1272 1163 1337 1216 sieut
1347 1172 1371 1217 et
1382 1165 1487 1217 uerbum
1498 1163 1588 1218 melius
1602 1181 1683 1234 quarn

894 1249 986 1302 datum
1010 1247 1114 1321 (ibid).
1139 1251 1232 1306 Nonne
1258 1267 1321 1307 ecee
1346 1252 1457 1306 verbum
1485 1252 1678 1320 superducam

895 1338 1005 1395 bouum

929 1446 1025 1504 Omnia
1048 1466 1107 1520 qna
1130 1453 1155 1504 ei
1173 1451 1315 1519 injunxerit
1332 1451 1422 1514 abbas,
1442 1451 1496 1519 ipse
1518 1451 1611 1503 babeat
1633 1452 1681 1503 snb

894 1552 958 1591 cure
971 1553 1030 1590 sua.
1054 1537 1075 1588 Α
1089 1537 1180 1607 quibus
1194 1555 1252 1592 euin
1266 1538 1435 1607 prohibuerit,
1452 1555 1503 1591 nan
1526 1548 1678 1607 presumat.

894 1625 943 1679 liic
955 1628 1073 1681 ostendit
1084 1628 1147 1697 quia
1161 1628 1185 1682 si
1197 1628 1249 1681 aliu
1261 1628 1316 1698 juri
1335 1643 1384 1682 suo
1402 1626 1584 1697 subjugaverit
1598 1641 1681 1696 quam

60 1694 137 1749 ribus
158 1708 211 1748 nou
234 1693 375 1748 subtrahat
397 1692 605 1763 eleemosynam,
632 1692 694 1762 quia
715 1693 843 1762 seriptum
893 1729 926 1770 0,
941 1730 1001 1784 φη
1018 1717 1052 1771 ab
1068 1718 1165 1771 ,hm
1180 1731 1229 1772 5⁰0
1252 1717 1371 1787 mium
1393 1717 1551 1786 suscepffit,
1575 1725 1622 1770 au,
1646 1717 1680 1770 de

59 1789 120 1837 est:
137 1781 188 1847 Qui
200 1781 304 1834 obturat
319 1797 409 1834 aurem
425 1797 500 1834 suant
514 1780 548 1832 ad
562 1779 700 1833 clamorem
710 1783 843 1850 pauperis,
858 1766 881 1824 Β
896 1806 940 1860 his

59 1872 153 1940 etipse
169 1869 301 1936 clamabit,
317 1880 341 1924 et
362 1887 414 1923 non
428 1870 582 1924 exaudietur
596 1866 686 1936 (Pron.
704 1870 772 1939 ιιι).
793 1869 846 1924 Sed

60 1946 147 2031 magis
159 1975 219 2029 quse
232 1959 385 2014 necessaria
399 1968 462 2013 sunt
474 1959 513 2013 eis
527 1974 588 2013 cum
603 1958 740 2013 bilaritatc
753 1960 843 2027 porri-

59 2060 116 2122 gat,
131 2052 195 2120 quia
206 2051 335 2121 scripturn
348 2060 407 2106 est:
420 2049 537 2103 llilarem
551 2050 669 2103 datorem
681 2048 763 2119 dibirit
775 2050 845 2104 Deus

60 2139 105 2212 (ll
118 2138 179 2194 Cor.
192 2139 241 2210 ιι).

97 2229 188 2286 Sciens
201 2231 257 2285 sine
269 2231 348 2285 dubio
361 2230 423 2300 quia
436 2246 483 2299 pro
499 2230 539 2283 ln's
551 2230 668 2287 ontuibus
679 2230 705 2282 ia
719 2229 761 2282 tlie
769 2229 844 2298 jrtdi·

59 2321 95 2375 rii
109 2322 236 2375 rationem
251 2320 399 2375 redditurus
413 2328 461 2374 est.
485 2318 591 2388 Oportet
607 2336 663 2382 nos,
681 2319 719 2373 ait
731 2318 845 2389 Aposto-

59 2410 119 2476 lus,
131 2421 200 2466 stare
209 2420 270 2465 ante
278 2409 394 2464 tribunal
404 2408 513 2473 Cbristi,
524 2418 550 2462 ut
564 2408 658 2476 referat
669 2410 845 2480 unusquisque

57 2511 136 2571 prout
154 2502 243 2572 pensu,
261 2501 314 2556 sire
331 2501 426 2555 benum
439 2501 491 2555 siue
511 2499 609 2555 malum
622 2499 666 2568 (ll
680 2498 741 2553 Cor.
757 2500 794 2571 v).
812 2501 844 2555 lit

59 2589 100 2645 sie
114 2590 297 2661 uuusquisque
310 2598 432 2645 ausuum
447 2589 556 2660 dignam
569 2589 668 2644 laboris
681 2589 722 2643 sui
736 2604 842 2644 mercc-

61 2679 124 2733 dem
140 2679 261 2747 recipiet.

96 2766 193 2824 Omnia
203 2786 265 2824 rasa
277 2770 427 2824 monasterii
438 2756 607 2838 cinctamque
619 2767 802 2831 substantium,
813 2783 843 2819 ae

57 2861 83 2915 si
95 2858 189 2913 nitaris
199 2874 261 2913 nasa
274 2869 377 2914 sacrata
392 2860 543 2929 conspiciat.
560 2859 627 2913 illuc
641 2857 743 2927 antiqui
755 2872 845 2912 mona·

59 2945 277 3005 mammertus
289 2946 599 3002 dixeruntzllcbetcnim
614 2946 675 3001 talis
688 2946 844 3001 cellerarius

58 3036 123 3109 eligi
134 3037 181 3106 qui
193 3037 278 3107 possit
289 3037 315 3091 iu
328 3037 452 3092 omuibus
466 3037 622 3106 evangelico
635 3036 730 3092 ordine
747 3034 841 3089 iratri-

58 3125 110 3181 bus
126 3124 181 3179 suis
197 3125 298 3179 victum
311 3127 470 3196 gubernare,
486 3125 533 3194 qui
548 3124 641 3179 timeat
650 3123 726 3179 Judae
739 3118 878 3183 urinae

57 3212 136 3277 tiam,
157 3213 202 3283 qui
220 3215 253 3268 ab
276 3213 352 3269 initio
367 3214 410 3268 lur
423 3215 481 3268 luit.
498 3212 612 3269 Studerc
627 3215 706 3269 debet
719 3214 765 3283 qui
781 3214 843 3268 bule

57 3298 148 3359 allicio
172 3303 316 3373 deputatur
330 3313 359 3358 ut
378 3304 468 3358 audiat
481 3305 543 3375 quin
557 3305 603 3374 qui
622 3305 690 3361 bene
709 3306 845 3360 ministra·

57 3391 139 3458 verit,
151 3394 264 3461 nudum
276 3393 375 3448 benum
386 3394 512 3462 acquirit,
523 3403 550 3448 ct
563 3395 660 3449 animae
674 3411 728 3450 sum
739 3394 843 3449 lucrum

59 3480 137 3538 lacit.
151 3481 321 3541 Nosseetiam
335 3487 608 3557 debentlrntresquia
617 3488 845 3557 quidquidiumo

60 3570 185 3628 austerio
196 3581 328 3630 tractatur
340 3577 396 3631 sive
411 3576 436 3630 in
449 3577 531 3642 rasis,
549 3576 605 3630 sive
622 3577 648 3630 in
661 3576 841 3640 ferramentis,

57 3654 103 3714 vel
116 3669 212 3716 caetera
232 3665 322 3719 omnia
342 3678 402 3721 esse
421 3665 597 3720 sanctificata.
617 3665 646 3720 Si
665 3667 727 3735 quis
741 3667 774 3721 de
791 3666 843 3721 ιιι·

964 1821 1023 1874 qum
1045 1806 1082 1860 illi
1105 1806 1240 1876 prohibita
1260 1813 1322 1861 suut
1335 1806 1552 1875 presumpserit,
1581 1819 1633 1858 non
1655 1806 1679 1858 ei

894 1896 1029 1949 mercedis
1046 1895 1208 1960 obedientia,
1232 1897 1278 1950 sed
1299 1896 1486 1951 inobedientias
1506 1895 1680 1965 deputabitur

897 1987 984 2056 culpa.
1005 1987 1034 2041 Si
1048 1988 1120 2041 enim
1143 2005 1194 2042 uon
1212 1989 1285 2043 venit
1307 1989 1333 2041 in
1350 1999 1541 2042 monasterum
1557 2000 1632 2040 suam
1646 1986 1682 2038 la·
1774 2058 1776 2063 γ

894 2088 957 2129 cere
981 2075 1158 2140 volumtatem,
1182 2090 1242 2144 quae
1262 2076 1300 2129 illi
1320 2091 1372 2129 tren
1389 2075 1489 2129 ltreriut
1503 2074 1621 2144 injuncta
1642 2079 1684 2126 te-

896 2178 970 2219 mere
984 2179 1038 2218 non
1050 2165 1129 2218 debet
1140 2165 1307 2232 contingere.

931 2271 1070 2326 Fratribus
1083 2274 1247 2327 constitutam
1261 2289 1390 2326 annonam
1403 2272 1457 2326 sine
1471 2271 1557 2340 aliaue
1571 2278 1631 2339 type
1642 2270 1681 2322 uel

895 2375 969 2413 mora
985 2362 1089 2429 offerat,
1107 2371 1134 2414 nt
1155 2378 1205 2415 non
1219 2359 1441 2414 scandalizentur.
1460 2360 1600 2412 Annonam
1616 2357 1681 2411 dicit

895 2450 1049 2505 alimoniam
1061 2452 1189 2510 ciborum.
1205 2459 1232 2504 et
1241 2450 1342 2504 victum
1355 2462 1461 2503 omnem
1476 2448 1679 2502 monachorum.

895 2539 967 2594 liora
982 2541 1054 2596 caim
1069 2556 1139 2595 noua
1153 2549 1258 2596 veteres
1269 2541 1410 2595 comedere
1423 2539 1552 2601 solebant,
1571 2547 1598 2592 et
1613 2537 1673 2591 idco

895 2645 910 2683 a
927 2638 1045 2700 tempore
1062 2632 1119 2698 ipse
1133 2633 1207 2686 borm
1218 2648 1305 2696 neum,
1322 2647 1375 2701 ntro
1389 2631 1427 2685 illi
1439 2632 1514 2686 cibos
1526 2629 1680 2692 sumebant,

894 2720 982 2774 omnis
995 2721 1083 2775 victus
1099 2722 1216 2776 bominis
1234 2737 1287 2776 non
1305 2722 1449 2791 incongrue
1468 2736 1564 2774 nomeu
1577 2719 1681 2786 accepit

892 2824 1011 2864 unauna.
1026 2810 1067 2864 Ab
1085 2819 1146 2864 actu
1160 2812 1231 2865 enirn
1247 2819 1275 2864 et
1292 2820 1409 2879 tempere
1423 2808 1506 2862 muita
1523 2808 1681 2861 derivantur

895 2903 1013 2956 numina.
1029 2901 1104 2968 Quod
1115 2910 1205 2958 autem
1220 2903 1294 2967 dicit,
1308 2901 1363 2955 siae
1377 2900 1464 2968 aliquo
1477 2909 1536 2969 type
1545 2915 1603 2968 quer
1614 2898 1677 2966 offe-

894 2992 975 3045 renda
996 2999 1056 3045 sunt
1082 2993 1193 3061 offerat,
1222 2990 1378 3061 intelligitur
1403 2989 1429 3043 in
1449 2990 1530 3043 corde
1560 2988 1677 3048 turbato,

896 3096 982 3148 neque
996 3080 1072 3134 vultu
1097 3081 1218 3149 eorporis
1237 3088 1350 3142 mutato,
1368 3079 1414 3133 sed
1435 3077 1515 3133 bilari
1538 3077 1638 3138 animo,
1653 3083 1679 3129 ct

894 3169 970 3224 vultu
993 3184 1090 3225 sereno
1114 3170 1155 3225 vel
1181 3170 1296 3239 placide,
1312 3185 1372 3239 autc
1387 3169 1528 3224 tribuenda
1545 3175 1607 3222 sunt
1627 3167 1677 3220 tri·

894 3257 969 3323 bunt,
986 3266 1013 3313 et
1032 3273 1092 3327 quim
1103 3257 1240 3313 offerenda
1257 3266 1320 3314 sunt
1331 3259 1435 3313 obierat.
1451 3256 1624 3327 Typuseuim
1635 3263 1677 3308 cst

892 3345 1003 3401 Graccus
1022 3363 1129 3413 sermo,
1144 3363 1222 3416 nutem
1239 3365 1289 3403 nos
1304 3349 1416 3418 liguram
1428 3347 1543 3403 dicimus
1556 3359 1603 3399 scu
1624 3344 1679 3398 lor-

890 3449 977 3489 maan.
992 3436 1020 3489 lu
1034 3444 1095 3505 typo
1108 3436 1179 3489 cuim
1192 3451 1235 3489 res
1247 3431 1400 3490 declaratui
1413 3451 1446 3490 cx
1461 3435 1551 3496 rebus,
1567 3439 1594 3485 et
1607 3440 1680 3485 erte-

894 3523 950 3578 rius
966 3524 1092 3578 interiora
1106 3531 1301 3577 monstrantur.
1325 3522 1392 3576 Nam
1404 3530 1430 3576 ct
1445 3534 1525 3590 typus
1540 3521 1624 3574 lterbn
1638 3520 1678 3572 di-

889 3615 974 3677 citur,
985 3628 1045 3682 quse
1056 3628 1086 3667 sc
1100 3613 1133 3666 ab
1145 3628 1214 3682 aqua
1228 3613 1312 3666 iubat.
1330 3612 1405 3668 Unde
1421 3612 1502 3666 etiam
1521 3610 1676 3665 ambitioso-

892 3721 954 3761 rum
967 3714 994 3762 et
1008 3708 1057 3762 sibi
1072 3707 1234 3776 placentium
1250 3715 1338 3763 tumor
1351 3716 1430 3779 typus
1442 3715 1563 3763 vocatur.

58 3748 149 3806 tribus
160 3752 260 3824 aliquid
270 3756 435 3827 negligenter
449 3758 613 3822 tractaverit,
632 3767 735 3827 partem
749 3774 777 3814 se
792 3760 842 3813 ba-

50 3832 127 3893 'bere
146 3842 251 3896 noverit
269 3859 330 3898 cum
352 3845 397 3899 5110
418 3861 480 3915 regn
495 3847 540 3916 qur
555 3846 582 3900 in
596 3847 669 3902 vasis
685 3848 780 3903 domus
795 3849 842 3902 nn}
929 3839 1031 3894 blemor
1041 3841 1121 3895 diuini
1136 3840 1242 3912 elenau,
1262 3840 1324 3913 quid
1340 3850 1482 3907 mereatur,
1493 3842 1537 3911 qui
1549 3838 1680 3896 scarrdali·
1759 3852 1763 3860 ·

57 3927 235 3984 sanctificatis
248 3945 308 3985 eum
321 3919 496 3988 suisbibebat
509 3934 676 3999 concubinis,
696 3944 723 3990 et
737 3936 841 4006 attaleni
894 3932 991 3984 nouerit
1005 3949 1084 3984 arreins
1102 3932 1133 3984 rte
1147 3932 1259 4000 pruitlis.
1272 3931 1408 4002 Scriptum
1423 3940 1465 3986 est
1478 3932 1506 3984 iu
1519 3928 1678 3998 Evangelio:

57 4018 160 4073 meatu
177 4020 332 4076 vindictam.
354 4021 533 4078 custodienda
555 4033 618 4079 sunt
638 4025 680 4079 illa
699 4035 841 4095 precepta,
894 4019 945 4084 Qui
957 4030 1043 4073 autern
1054 4019 1271 4073 scandalizaverit
1281 4036 1361 4072 unum
1375 4019 1407 4072 de
1417 4017 1518 4088 pusillis
1530 4016 1586 4071 istis
1596 4018 1640 4085 qui
1651 4016 1679 4070 in

56 4115 88 4163 ct
101 4122 150 4178 per
161 4110 279 4181 singulos
292 4113 348 4168 dies
360 4113 387 4167 in
399 4128 478 4168 aures
490 4113 601 4168 fratrum
617 4114 755 4170 recitanda
769 4123 839 4178 sunt,
893 4125 933 4163 nte
947 4110 1066 4173 credunt,
1080 4109 1179 4179 expedit
1197 4109 1220 4162 ei
1241 4119 1269 4162 ut
1292 4108 1466 4178 suspendetur
1479 4106 1547 4160 ntola
1562 4107 1679 4160 asinario

55 4204 91 4252 ιιι
104 4214 157 4252 ιιοιι
171 4200 381 4256 condemnentur
395 4204 420 4258 in
436 4204 554 4273 peccatis
567 4206 633 4260 suis.
893 4200 920 4252 iu
940 4200 1007 4253 collo
1028 4200 1101 4268 ejus,
1123 4208 1147 4254 et
1168 4200 1334 4269 detiterpatur
1357 4201 1385 4252 in
1407 4198 1566 4268 profundum
1597 4197 1681 4250 maris

95 4287 262 4344 Ntbttdacu
284 4294 480 4364 neplinendunt,·
501 4296 712 4364 marienboritite
727 4296 840 4362 studeat,
894 4289 1001 4358 (Mallll-
1017 4289 1269 4359 illiti-&illenim
1280 4280 1609 4358 permistam-asinariam,
1625 4285 1676 4340 ¹¹le

56 4393 143 4448 neque
155 4380 277 4450 prodinus
293 4383 337 4447 sit,
359 4392 404 4435 aat
417 4384 573 4454 exstirparet
586 4386 736 4439 steterentin
749 4402 841 4440 tirona-
893 4379 1021 4432 circuitus
1035 4394 1106 4432 curm
1121 4378 1261 4447 praesentis
1280 4377 1389 4431 sacculi?
1408 4376 1441 4429 Et
1452 4375 1516 4445 qrrid
1530 4389 1577 4442 per
1591 4385 1675 4435 marre,

56 4466 144 4530 alerii,
158 4467 203 4520 setl
216 4471 302 4523 omnio
315 4479 461 4525 mensurate
473 4471 564 4542 saciet,
583 4483 606 4527 et
623 4475 765 4527 secundum
782 4476 842 4544 jus-
854 4447 881 4506 D
894 4467 945 4520 ιιιὸῑ
959 4467 1029 4520 illem
1042 4481 1159 4536 ιιιιιὲιιιὸ
1173 4466 1297 4520 &vellium
1312 4464 1484 4534 ιῙθὸιΒιιιιῐιιιῨ
1494 4463 1592 4517 Levius
1605 4462 1677 4516 essim

55 4557 160 4611 sionem
171 4557 279 4613 abbatis.
296 4560 364 4614 lliuc
375 4563 524 4616 secundum¹
538 4561 665 4633 [tegedum
679 4564 842 4620 orientalem
892 4554 981 4610 luerat
990 4556 1121 4611 monacho
1134 4556 1179 4626 utri
1191 4556 1258 4610 alios
1270 4555 1295 4609 iu
1311 4555 1473 4609 monasterio
1483 4553 1586 4623 positus
1599 4567 1677 4607 sean-

56 4641 173 4698 Patrum
185 4645 302 4700 dicitur:
319 4647 358 4701 nd
370 4650 533 4704 condiendos
547 4650 674 4706 cibosdet
689 4651 844 4708 cellerarius
893 4644 1001 4709 daliwi.
1024 4655 1055 4700 ιιι
1070 4645 1138 4700 mola
1161 4645 1279 4700 ιιιιιιιιιι
1301 4645 1370 4700 collo
1392 4660 1442 4699 ⁵¹10
1460 4644 1542 4712 Ιὶιιιῑι
1556 4642 1583 4697 ιιι
1602 4657 1676 4695 ιιιιθ

55 4733 213 4787 neccssaria
226 4736 371 4789 secundum
387 4738 548 4806 ttuotidianre
561 4753 684 4808 expense
699 4748 843 4794 consuctu-
894 4736 984 4789 saculi
1003 4737 1081 4805 bujus
1094 4735 1237 4805 projeetus,
1255 4736 1344 4799 idest,
1358 4744 1471 4791 utcurae
1485 4732 1574 4788 saeculi
1589 4733 1676 4803 impli-

56 4819 163 4884 dincm,
178 4835 264 4891 neque
282 4823 401 4892 prolum,
416 4842 503 4895 ncqrre
524 4843 615 4891 arare,
630 4843 664 4881 ne
676 4829 742 4882 vitio
761 4830 843 4898 ipsius
894 4835 970 4882 catus
989 4827 1127 4881 saecularia
1144 4828 1249 4897 negotia
1271 4835 1298 4882 et
1319 4827 1460 4881 circuitum
1474 4834 1586 4880 terrcnae
1604 4839 1674 4878 eune

56 4909 102 4963 vel
122 4911 277 4965 monasterii
298 4913 448 4968 substantia
467 4925 602 4986 gravetur,
624 4915 666 4969 vel
685 4915 782 4970 iratres
797 4933 844 4986 pa·
893 4928 1044 4988 perageret,
1059 4933 1140 4987 atram
1154 4918 1181 4971 in
1205 4925 1283 4986 portu
1298 4916 1452 4970 monasterii
1473 4923 1501 4969 et
1521 4929 1550 4969 se
1566 4922 1594 4968 et
1607 4913 1675 4967 alios

57 4998 165 5053 tiantur
189 4998 324 5069 iujuriam.
348 5001 444 5058 Sedet
467 5005 654 5059 necessitatem
677 5004 843 5060 infirmorum
894 5005 1099 5060 scandalizando
1109 5005 1265 5074 perimeret.
1282 5003 1349 5058 liiac
1360 5005 1454 5058 beatus
1464 5003 1609 5074 Gregorius
1621 5004 1673 5057 ait:

57 5085 175 5140 fratrum
196 5103 229 5143 ac
244 5087 362 5144 laborem
377 5093 559 5156 considerans,
577 5092 643 5145 nibil
656 5093 844 5161 aegrotantium
895 5096 946 5150 Per
969 5096 1066 5150 molam
1082 5095 1226 5150 asinariam
1247 5094 1384 5149 saecularis
1407 5094 1536 5149 circuitus
1555 5109 1586 5149 ac
1599 5093 1676 5148 labor

57 5172 202 5230 desideriis
215 5185 295 5247 neget
306 5193 339 5232 ex
356 5179 472 5247 hisquae
490 5181 624 5243 habuerit,
643 5190 773 5249 qrrnntum
792 5183 844 5237 illis
894 5186 1062 5255 exprimitur,
1078 5194 1104 5240 ct
1117 5202 1165 5256 per
1178 5184 1338 5254 profundum
1362 5185 1445 5240 maris
1462 5194 1582 5241 extrema
1601 5186 1676 5240 dam-

56 5277 171 5318 ueccsse
207 5266 296 5320 luerit.
332 5267 539 5323 Advenientibus
570 5270 684 5324 diversis
716 5269 845 5325 iratribus
895 5275 967 5328 natio
981 5274 1144 5343 designatur.
1157 5274 1207 5340 Qui
1219 5289 1282 5343 ergo
1293 5275 1326 5329 ad
1338 5276 1490 5330 sanctitatis
1502 5274 1618 5344 speciem
1631 5272 1675 5325 de·

55 5367 137 5409 escas
151 5357 265 5425 parabit.
288 5359 350 5414 llaee
368 5361 421 5414 erit
433 5376 498 5414 eura
515 5361 634 5415 custodis
653 5359 784 5415 cellerarii
799 5377 843 5417 re·
894 5363 999 5428 ductus,
1017 5365 1057 5419 rel
1070 5366 1275 5420 verboeaeteros
1286 5367 1402 5423 destruit
1414 5368 1454 5422 rel
1471 5363 1603 5431 csenrpla,
1619 5374 1674 5413 me-

56 5458 173 5499 curreus
185 5462 291 5517 semper
303 5450 336 5502 ad
352 5451 487 5505 seniorum
502 5450 652 5517 consilium,
666 5460 692 5505 et
706 5452 844 5520 requirens
895 5451 946 5506 lius
968 5453 1087 5522 prolecto
1101 5462 1160 5508 erat
1172 5461 1202 5506 ut
1216 5455 1287 5509 bum
1300 5456 1332 5509 ad
1354 5465 1466 5510 mortem
1482 5453 1531 5505 sub
1547 5445 1674 5503 exteriori

56 5531 93 5585 de
117 5534 249 5597 ominibus,
265 5537 306 5591 vel
325 5539 458 5606 principue
479 5538 511 5591 de
535 5538 576 5592 bis
590 5554 649 5608 quac
670 5540 777 5608 proprio
796 5555 844 5594 suo
896 5541 987 5596 babitu
1002 5551 1107 5597 terrena
1119 5553 1178 5597 acta
1190 5547 1416 5615 constringerent,
1432 5555 1511 5610 quam
1527 5551 1605 5592 sacra
1618 5534 1674 5588 oili·
1742 5576 1748 5595 ,

59 5617 197 5676 intellectu
212 5640 265 5678 nou
278 5627 395 5695 potnerit
409 5627 562 5696 adimplere.

895 5630 936 5683 cin
955 5630 980 5683 in
996 5629 1072 5700 tnrlpn
1087 5633 1191 5687 ceteris
1206 5633 1361 5689 imitabilem
1374 5630 1596 5691 demonstrarent,
1609 5622 1672 5694 quia
