3810 6120
116 250 171 314 229
520 250 777 312 coiunctiones
795 248 829 305 {N
849 244 1043 304 aristonis
1063 245 1105 300 ΕΤ
1126 242 1330 303 El'dNGEle.
1697 254 1751 315 2¹50

114 365 233 425 soendta
250 363 326 420 Tunc
345 363 419 420 enirn
430 375 529 435 corpus
542 377 632 428 suum,
648 364 674 419 id
689 361 906 428 conticuissem
920 364 943 422 Α
959 357 1049 428 (torric.
1067 357 1104 428 r).
1118 357 1186 413 item
1203 358 1261 429 ipse
1273 368 1302 415 ct
1321 367 1481 429 potestatem
1497 361 1605 419 slcditei
1615 363 1749 434 judicium

115 474 192 515 suam
208 454 384 527 psaefigurare
395 454 523 525 dignatus
535 462 594 520 est,
608 456 635 509 in
647 470 701 524 qun
714 453 907 524 praecipueba-
959 450 1060 514 tacere,
1078 450 1142 518 quia
1155 449 1239 506 Filius
1255 451 1373 508 bominis
1391 461 1443 509 est.
1464 451 1530 520 Quis
1546 454 1635 510 dedit?
1656 455 1749 527 Pater,

114 548 210 621 ptizati
224 546 361 615 accipiunt
371 544 502 614 Spiritum
517 554 653 612 sanctuni,
666 544 715 601 sed
726 546 779 600 ista
793 543 908 616 mystica
958 540 1001 593 eui
1013 540 1101 594 dedit?
1116 540 1195 607 Filio,
1214 541 1259 597 cui
1271 544 1344 597 enirn
1359 543 1433 600 dedit
1447 546 1530 599 vitam
1542 546 1642 602 ianitore
1658 548 1684 603 ia
1704 564 1749 608 se-

114 649 141 696 et
153 637 282 694 invisibili
295 637 431 693 motione.
958 628 1084 697 metipso,
1100 629 1153 684 iste
1167 628 1301 695 Christus,
1316 640 1344 686 ct
1355 632 1374 686 F
1377 632 1438 688 ilius
1450 633 1497 689 bct
1514 644 1541 690 et
1557 635 1640 692 Filius
1659 640 1748 696 bouri-

151 730 204 795 Qoi
219 728 373 798 pertransiit
390 725 575 795 benefaciendo
592 734 616 780 ct
630 725 749 780 mnondo
761 740 848 781 mnes
862 739 909 795 op-
958 718 1000 772 ssis
1013 727 1064 784 esi.
1081 719 1194 789 proinde
1207 721 1270 790 quia
1289 722 1373 777 Filius
1386 724 1505 779 bominis
1515 734 1568 793 est,
1583 730 1689 798 accepit
1702 745 1751 800 po-

113 835 218 892 presscs
228 816 371 884 udininio,
385 825 437 873 etc.
448 817 477 872 ld
488 824 540 882 est,
553 816 635 872 Pater
646 831 706 871 eum
721 813 799 880 Filio,
812 814 908 869 melius
959 816 1084 864 testatem
1103 818 1132 864 et
1144 810 1276 882 judicium
1297 812 1397 877 lacere,
1419 815 1491 883 quod
1506 814 1639 883 judicium
1652 818 1680 873 in
1696 820 1751 876 line

114 919 159 966 est
171 911 243 966 caim
264 908 305 964 sic
319 906 469 978 intelligere
485 921 567 975 quam
583 905 753 960 divinitatem
767 902 829 958 Filii
845 917 908 957 curu
958 897 1048 953 saculi
1064 899 1125 953 erit.
1142 900 1200 969 ipse
1216 901 1288 955 enim
1300 901 1421 957 ascendit
1434 903 1461 957 in
1476 904 1571 971 cmlos,
1585 915 1614 960 et
1630 908 1701 962 sedit
1713 908 1748 962 ad

114 1000 225 1060 hominm
246 1014 327 1070 qoam
344 997 497 1066 adsumpsit
519 996 720 1052 cohabitantem
738 993 906 1066 significari,
958 989 1097 1044 dextmam
1117 990 1222 1058 Patris,
1247 992 1311 1048 inde
1334 986 1464 1048 venturus
1481 992 1605 1062 judicare
1628 999 1704 1054 vivos
1722 1006 1751 1055 et

114 1104 205 1160 neque
216 1088 317 1144 Christi
329 1102 475 1157 personam
488 1086 640 1155 geminare,
652 1094 680 1141 et
692 1086 719 1141 iu
731 1084 850 1140 Nestorii
861 1084 908 1140 do·
957 1093 1089 1137 mortuos.

114 1196 179 1253 grus
196 1181 294 1236 cadere
305 1179 457 1236 videamur.
992 1172 1062 1227 Huic
1076 1190 1164 1228 ontncs
1180 1177 1498 1246 propbetoetcstimcniutn
1511 1178 1653 1248 perlucent.
1670 1178 1748 1246 Qum-

152 1270 236 1336 Qucnt
262 1270 411 1324 occiderunt
431 1269 616 1339 suspendentes
635 1269 663 1323 in
682 1269 762 1338 ligno.
782 1266 908 1324 Christus
956 1278 1062 1333 cunque
1076 1275 1188 1336 propter
1199 1265 1350 1324 faciendam
1366 1269 1446 1323 iidem
1466 1270 1653 1338 temporaliter
1671 1279 1749 1341 gesta

113 1375 212 1434 passius
223 1369 280 1424 est,
299 1359 449 1415 moriamur
461 1366 583 1428 peccata
597 1357 723 1413 Christus
738 1358 905 1422 resurrexit,
956 1365 1019 1410 suut
1032 1365 1079 1411 aut
1092 1359 1246 1415 testimonia
1262 1360 1401 1415 missionis
1416 1361 1495 1430 bojas
1509 1359 1629 1427 luerunt,
1644 1371 1692 1416 aut
1705 1361 1746 1432 lp·
1808 1373 1812 1377 ’

113 1455 238 1509 uiuamus
262 1451 340 1515 Deo,
370 1449 495 1505 Christus
529 1448 637 1504 transiit
662 1449 696 1505 de
724 1448 776 1505 boc
807 1448 908 1505 mundo
957 1461 1014 1501 sam
1027 1448 1255 1504 missioacutFilii
1270 1452 1581 1521 Deiprouuntiatorunt.

113 1546 150 1602 ad
172 1525 302 1609 latrem,
324 1556 378 1597 uon
397 1541 441 1595 bie
457 1541 559 1596 baereat
580 1555 629 1595 cor
652 1547 786 1606 nostrum,
807 1540 855 1596 sed
872 1539 908 1596 ad
991 1537 1179 1593 lientissionctn
1191 1550 1356 1609 peccatorum
1370 1540 1682 1611 occipere.lpsumenim
1697 1542 1747 1596 lia·

112 1651 232 1706 superna
250 1642 380 1704 sequatur
400 1641 481 1701 caput
493 1638 626 1696 nostrum,
641 1631 770 1702 pependit
781 1631 808 1687 in
823 1630 905 1700 ligno,
961 1627 1001 1682 tid
1024 1629 1182 1694 exhortans,
1197 1629 1235 1683 ait
1254 1647 1260 1682 :
1276 1629 1395 1701 Amplius
1416 1628 1475 1684 laun
1493 1647 1534 1685 me
1555 1631 1587 1685 ub
1608 1632 1746 1703 iniquitate

112 1724 362 1795 concupiscentiam
376 1723 467 1778 caruis
482 1720 682 1792 crucifigamus.
918 1728 943 1789 Β
957 1730 1190 1790 inemetupemum
1200 1722 1662 1792 meomundanrc.sst:ducrtatncicm
1672 1734 1748 1779 tuum

149 1815 229 1870 llunc
236 1814 307 1869 ocni
314 1813 448 1868 suscitavit
460 1812 537 1868 tertio
549 1811 602 1866 die.
614 1810 680 1879 Quis
691 1810 905 1868 suscitaviteum
955 1828 971 1864 n
978 1814 1089 1882 pcccatis
1096 1814 1171 1878 meis,
1179 1823 1203 1867 ct
1212 1830 1299 1867 omnes
1308 1814 1459 1885 iniquitates
1466 1830 1536 1869 meus
1548 1814 1697 1888 delc(Psul.
1707 1817 1746 1888 ι).

112 1906 168 1961 nisi
182 1903 326 1960 invisibilis
340 1903 427 1958 Deest
441 1902 574 1959 Dormirit
588 1902 700 1957 enimet
713 1916 836 1958 soranum
848 1917 904 1960 ete-
953 1900 988 1954 Et
999 1902 1058 1970 ipse
1072 1902 1098 1956 in
1112 1902 1255 1974 Evangelio
1265 1904 1460 1974 potentialiter,
1468 1907 1511 1960 eni
1522 1905 1642 1962 nolebat:
1652 1907 1748 1961 Dimit-

111 1996 154 2066 pit
172 2002 200 2048 et
217 1993 378 2057 exsurrexit,
401 1993 529 2062 quoniam
546 1992 677 2046 [lominus
691 1992 811 2061 suscepit
824 2008 903 2062 eum,
953 1999 1046 2044 tuantur
1060 1990 1107 2044 tibi
1121 2001 1227 2060 peccato
1239 2000 1296 2058 tuo,
1308 1992 1424 2048 dicebat.

112 2085 158 2142 cui
176 2085 303 2140 dixerat:
320 2081 424 2138 Suscita
443 2100 484 2138 ms
504 2093 528 2138 ct
549 2082 656 2137 reddant
677 2084 715 2138 eis
735 2082 826 2155 (Psoi.
842 2083 900 2158 xo).
989 2079 1043 2134 Per
1053 2096 1147 2135 nornen
1161 2081 1218 2152 ejas
1233 2096 1320 2137 omnes
1333 2084 1379 2154 gni
1391 2084 1499 2139 meditat
1513 2086 1540 2141 in
1561 2100 1629 2140 eum·
1642 2085 1745 2143 Nomen
1813 2091 1815 2094 ’

113 2178 238 2233 Traditus
257 2187 293 2231 nt
307 2185 408 2247 propter
423 2174 518 2230 delicta
531 2187 633 2242 nostra,
648 2186 673 2232 ee
692 2181 905 2250 rnnrmnprn.
953 2172 1011 2243 ejus
1031 2171 1065 2226 ab
1086 2173 1181 2243 angelo
1202 2173 1361 2244 priusquam
1384 2184 1541 2232 nasceretur
1563 2186 1688 2233 vocatum
1703 2187 1746 2235 est

111 2280 171 2339 pter
184 2267 402 2338 iustificationem
417 2277 532 2321 nostrum
549 2265 694 2340 (liuntur).
713 2268 773 2324 Erit
785 2270 858 2325 enim
875 2277 905 2327 et
952 2259 1041 2326 lesus,
1057 2261 1133 2332 cnjus
1152 2263 1356 2335 etymologiam,
1377 2265 1447 2320 idern
1469 2266 1581 2338 angelus
1601 2279 1746 2326 exsecutus

111 2360 193 2415 nobis
204 2358 284 2428 hujus
298 2357 388 2413 saculi
399 2366 478 2413 noete
489 2358 620 2414 transuta
637 2361 801 2416 resurrectio
812 2363 904 2421 carni.
952 2351 1085 2424 adjunxit,
1100 2352 1193 2409 dicens
1206 2372 1211 2408 :
1223 2354 1283 2425 lpse
1304 2356 1375 2411 enirn
1391 2357 1495 2412 salvum
1516 2356 1597 2414 saciet
1617 2360 1746 2429 populum

111 2451 147 2506 ad
164 2464 289 2521 regnum
308 2447 388 2517 cujus
407 2449 434 2503 iu
450 2448 538 2518 capite
550 2455 645 2505 nostro
657 2452 796 2520 processit
807 2464 902 2508 exeru-
952 2449 1356 2517 sunmapeccatiseorum.1n
1377 2453 1455 2523 cujus
1471 2454 1581 2508 nomine
1605 2452 1745 2525 prophetis

111 2541 197 2611 plum.
219 2540 342 2597 Surrexit
361 2549 391 2596 et
408 2540 508 2596 volavit
528 2541 556 2597 in
578 2541 683 2607 aluum,
706 2551 735 2597 et
754 2558 804 2613 pro
824 2544 904 2602 nobie
952 2540 1143 2595 attestantibus
1167 2541 1355 2598 remissionem
1377 2552 1568 2613 peccatorum,
1586 2559 1639 2599 ttou
1659 2541 1745 2599 iudael

111 2633 210 2689 unicus
219 2633 378 2705 ¹interpellat
388 2633 417 2688 in
431 2633 511 2690 coelo.
525 2632 639 2689 Praestat
652 2649 715 2690 cum
727 2633 818 2701 Patre,
831 2637 904 2706 quod
953 2636 1067 2695 mlum,
1082 2629 1431 2700 ⁸0d⁰¹1¹⁰0⁵qi¹l⁰f⁰du¹¹b
1445 2635 1591 2705 accipiunt·

111 2724 265 2794 prtstolarat
285 2724 413 2791 aPatre,
437 2726 500 2794 quia
522 2725 656 2781 mediator
675 2735 718 2781 est
735 2735 763 2783 et
784 2738 901 2784 creator.
1107 2733 1277 2775 fflissfflffll
1296 2736 1387 2787 ww,
1402 2738 1462 2779 CAP-
1479 2739 1590 2780 viritio-

111 2815 244 2871 ilediator
258 2825 287 2871 ut
305 2826 409 2886 poscat,
425 2825 533 2872 creator
553 2826 583 2872 ut
604 2818 716 2873 tribuat.
733 2818 904 2876 Fidelissima
990 2827 1000 2862 ¹
1019 2807 1154 2865 wimiis
1169 2810 1222 2866 (¹¹¹0
1235 2825 1270 2866 ⁰¹
1291 2812 1430 2882 discibulis
1443 2812 1507 2870 5⁰⁵ss
1522 2816 1597 2870 ibini
1620 2814 1676 2886 ii)sa
1699 2815 1745 2871 (Ἀθ

109 2905 196 2976 igitur
209 2915 236 2961 st
250 2906 383 2962 fidissimo
398 2906 495 2962 affectu
510 2908 536 2962 ei
552 2908 702 2963 orationem
717 2924 799 2977 quam
811 2910 903 2967 docuit
955 2919 965 2954 ι
983 2901 1010 2957 in
1025 2902 1165 2958 castellnm
1182 2904 1253 2972 qaod
1268 2912 1328 2958 erat
1341 2905 1368 2958 in
1391 2905 1479 2976 spatio
1492 2905 1641 2961 stadiorum
1662 2921 1745 2961 seua-

110 2996 270 3067 allegentus,
280 3004 310 3051 at
321 2997 393 3066 quod
409 2995 561 3052 iaciendum
571 2996 662 3067 jussit,
677 2998 735 3069 ipsc
748 2998 900 3068 adjuvante,
950 3011 966 3043 r
982 2992 1055 3064 ginta
1068 2994 1102 3048 ab
1114 2990 1281 3048 liiertrsalem
1297 2996 1747 3070 nomineEtrunausdltipslloquo·

109 3083 203 3141 lacera
225 3086 378 3154 tabamus,
395 3089 467 3159 quod
485 3088 672 3158 accipiendum
691 3091 824 3160 promisit,
840 3073 936 3163 ipsoC
954 3101 965 3137 s
982 3085 1080 3140 bantur
1092 3085 1125 3140 ad
1139 3085 1256 3141 laricem
1269 3086 1303 3142 de
1317 3089 1492 3144 bisumnibns
1502 3104 1562 3159 quze
1574 3091 1744 3147 acciderant.

109 3174 205 3241 shuts,
219 3189 369 3234 sumamus.

148 3265 184 3322 tn
202 3266 274 3322 tetta
293 3283 351 3322 cunt
369 3267 537 3337 menifestum
557 3268 616 3337 fieri
633 3285 686 3323 non
703 3270 775 3324 omni
791 3269 900 3341 populo,

107 3367 164 3415 ets.
176 3359 330 3417 barmimas
342 3361 434 3430 itaque
448 3360 518 3431 apud
529 3369 646 3432 quatuor
658 3361 843 3432 Evangelistas
854 3360 902 3418 de·

954 3193 964 3226 c
982 3175 1015 3230 Et
1029 3175 1130 3230 iactant
1150 3184 1207 3242 est,
1230 3176 1293 3232 dum
1312 3176 1506 3245 fabularentur,
1521 3188 1548 3234 et
1561 3195 1652 3235 seeurn
1668 3196 1740 3252 quae·

953 3284 963 3317 ι
982 3277 1083 3329 rorent,
1100 3276 1128 3322 et
1139 3266 1284 3336 ipselesus
1295 3270 1514 3340 appropinquans
1528 3270 1585 3326 ibat
1597 3286 1661 3326 eum
1676 3271 1740 3328 illis.

953 3376 963 3409 ι
983 3356 1059 3414 Oculi
1076 3367 1167 3415 autem
1180 3359 1287 3415 illorum
1302 3362 1475 3427 tenebantur,
1490 3376 1523 3416 ne
1535 3376 1597 3416 eum
1612 3377 1743 3434 agnosce·

108 3450 167 3506 cies
179 3458 422 3506 commemoratum
436 3449 580 3506 Dominum
592 3451 680 3506 visum
687 3465 754 3506 esse
766 3452 800 3507 ab
814 3452 902 3507 boml·

109 3540 202 3600 uibus,
212 3547 274 3608 post
287 3541 523 3595 resurrectionem.
540 3535 630 3596 Semel
642 3539 676 3595 ad
695 3550 900 3597 monumentum

109 3629 281 3686 mulieribus.
304 3630 406 3686 lterum
417 3631 523 3688 eisdem
544 3632 759 3703 regredientibus
778 3648 902 3687 amonu-

109 3731 205 3777 mento
217 3723 245 3777 in
260 3724 366 3781 itinere.
383 3725 476 3781 Tertio
489 3726 581 3782 Petro.
601 3727 705 3794 Quarto
718 3728 822 3784 duobus
833 3741 901 3784 eua-

29 3847 39 3861 ·
109 3813 186 3871 tibus
204 3814 232 3870 ia
248 3816 399 3872 castellum.
416 3816 516 3884 Quinto
534 3817 657 3888 pluribus
671 3818 699 3874 in
720 3818 900 3887 Hierusalem,

108 3905 158 3961 ubi
169 3920 224 3961 noa
234 3915 295 3962 erat
307 3907 433 3964 Thomas.
454 3906 538 3965 Sexto
554 3907 600 3963 ubi
616 3922 679 3964 eam
693 3909 761 3964 vidit
771 3909 900 3966 Thomas.

109 3995 233 4066 Sepbnm
244 3996 279 4052 ad
295 4011 370 4053 mare
385 3997 546 4053 Tiberiadis.
560 3997 662 4054 &tato
676 3998 703 4053 in
715 4007 808 4057 monte
822 4000 898 4057 Gali·

954 3469 963 3503 t
982 3458 1051 3505 rent.
1065 3451 1098 3505 Et
1120 3451 1160 3506 alt
1175 3452 1209 3507 ad
1225 3451 1285 3507 illos
1308 3451 1380 3520 :Qui
1403 3460 1466 3507 sunt
1479 3453 1506 3508 bi
1522 3468 1661 3508 sermones
1674 3469 1743 3524 quos

954 3561 963 3593 r
982 3540 1111 3597 cotriertis
1124 3543 1157 3597 ad
1173 3543 1289 3598 invicem
1309 3543 1490 3611 ambulantes,
1508 3552 1535 3598 et
1551 3544 1617 3599 estis
1632 3544 1741 3600 tristes?

954 3635 1016 3689 tiit
1039 3635 1206 3705 respondens
1222 3651 1307 3700 unus,
1329 3638 1371 3691 cui
1390 3650 1489 3692 nomen
1512 3636 1655 3706 Clecpbas,
1674 3635 1743 3693 dixit

954 3744 964 3777 r
981 3726 1026 3782 ei:
1042 3726 1082 3781 Ta
1097 3725 1170 3784 solus
1184 3726 1343 3798 peregrinus
1358 3741 1388 3782 es
1401 3726 1428 3781 in
1447 3726 1626 3791 Hierusalem,
1641 3735 1669 3781 et
1688 3740 1743 3782 nou

954 3840 963 3870 t
983 3818 1131 3891 cognovisti
1145 3833 1206 3890 quae
1218 3816 1290 3875 iacta
1309 3827 1372 3874 sunt
1386 3819 1413 3874 in
1428 3818 1473 3873 illa
1496 3817 1662 3874 hisdiebus?
1677 3817 1743 3886 Qui-

955 3927 964 3960 r
982 3911 1033 3965 bus
1051 3908 1196 3965 illedixit:
1216 3909 1300 3978 Quae?
1313 3910 1347 3965 Et
1365 3911 1508 3965 dixerunt:
1524 3909 1563 3964 lle
1576 3909 1640 3967 lesu
1654 3909 1742 3966 Naza-

955 4019 964 4052 r
985 4016 1065 4067 reno,
1086 4003 1132 4072 qui
1152 4001 1204 4056 luit
1224 4002 1266 4056 vir
1289 4003 1428 4071 propheta,
1445 4009 1541 4070 potens
1563 4002 1591 4055 in
1612 4014 1695 4070 opere
1713 4011 1743 4057 et

107 4088 167 4144 lm
190 4089 337 4146 secundum
356 4088 679 4162 annuntiationem,
703 4093 769 4149 dicit
782 4094 901 4162 Marcus,
954 4108 1110 4149 «sermone
1122 4107 1214 4147 corana
1228 4092 1284 4146 beo
1297 4100 1324 4146 et
1339 4091 1412 4146 omui
1425 4091 1533 4160 populo.
1559 4090 1593 4144 Et
1607 4091 1742 4160 quomodo

107 4180 258 4237 novbume
281 4181 514 4247 recumbentibus,
536 4181 600 4251 quia
618 4181 745 4251 jamnon
771 4192 850 4241 amnt
873 4186 902 4244 ιη
954 4183 1152 4237 «tradiderunt
1176 4197 1238 4236 earn
1261 4182 1359 4236 strmmi
1377 4181 1532 4236 sacerdotes
1554 4187 1581 4234 et
1605 4180 1742 4251 principes

106 4281 184 4328 terra
199 4288 261 4328 eom
273 4272 320 4329 illo
330 4273 510 4329 convivaturi.
532 4273 680 4329 Mcimoin
697 4275 756 4344 ipso
773 4275 831 4342 die,
846 4291 901 4332 non
954 4271 1070 4327 «nostri
1094 4272 1119 4326 in
1143 4272 1342 4327 damnationem
1365 4272 1474 4337 mortis,
1498 4282 1526 4327 et
1549 4270 1746 4328 crucifixerunt

105 4363 165 4434 jam
184 4363 212 4417 in
234 4371 323 4429 terra,
343 4362 391 4418 sed
413 4361 548 4418 elevatum
566 4363 592 4417 in
615 4364 696 4419 nube.
711 4364 812 4420 Crabra
828 4367 900 4422 entim
955 4375 1055 4417 rcum.
1069 4360 1125 4416 Nos
1144 4371 1235 4417 autem
1252 4363 1436 4433 sperabamus,
1450 4363 1512 4433 quia
1542 4362 1682 4433 ipseesset
1700 4376 1743 4416 re-

106 4464 171 4511 erat
185 4472 246 4511 cum
256 4457 310 4511 illis
320 4456 378 4526 ejus
388 4456 568 4522 corruersatio,
582 4470 631 4525 per
642 4457 700 4512 dies
710 4457 899 4528 quadraginta,
955 4470 964 4502 t
982 4453 1139 4522 dempturus
1154 4451 1247 4508 lsrael.
1269 4453 1303 4508 Et
1316 4468 1388 4509 nunc
1405 4468 1487 4524 super
1500 4453 1558 4508 ltaec
1572 4453 1673 4518 omnia,
1688 4460 1742 4507 ter-

105 4546 269 4617 priusquam
281 4546 448 4602 ascendisset
459 4546 487 4600 in
499 4545 607 4601 ooelum.
622 4546 680 4602 Nou
695 4555 786 4602 tameo
800 4548 840 4603 eis
851 4561 902 4619 per
954 4560 963 4595 r
982 4544 1019 4598 tia
1034 4544 1091 4599 dies
1102 4550 1144 4600 est
1156 4545 1246 4611 bodie,
1258 4546 1329 4614 qttod
1341 4545 1399 4601 baec
1413 4546 1565 4601 factasunt.
1580 4544 1673 4600 Sedet
1686 4560 1747 4599 mm

104 4651 207 4693 omum
229 4637 371 4692 continuos
391 4643 563 4706 apparuerat.
587 4635 641 4690 Per
661 4636 723 4692 illos
740 4637 813 4691 enim
833 4652 901 4708 qua-
954 4653 963 4685 ι
981 4635 1061 4694 lieres
1073 4636 1193 4704 quedam
1205 4651 1238 4690 ex
1251 4636 1351 4691 uostris
1365 4645 1521 4692 terrueruut
1535 4650 1592 4700 nos,
1607 4650 1666 4704 qrtm
1678 4642 1746 4689 ante

103 4728 236 4798 draginta
253 4728 312 4784 dies
331 4728 439 4799 quoties
458 4727 557 4794 veuit,
572 4728 669 4797 quihus
688 4728 783 4794 voluit,
806 4743 901 4798 quem.
954 4723 1068 4778 «lucem
1084 4723 1193 4779 luerunt
1211 4725 1244 4779 ad
1266 4735 1484 4791 monumentum,
1508 4734 1537 4780 et
1553 4740 1607 4779 non
1630 4725 1747 4780 invento

105 4819 256 4876 admodum
275 4820 371 4888 voluit,
386 4820 520 4889 apparuit.

148 4909 232 4965 Nolis
244 4912 291 4982 gui
303 4910 519 4967 manducavimus
532 4921 556 4967 ct
569 4909 680 4966 bibimus
693 4926 753 4964 cnm
767 4909 830 4975 llio,
844 4918 898 4966 etc.

104 5000 162 5056 iiie
175 4999 272 5057 beatus
288 5000 387 5057 Patras
397 5001 470 5071 quod
490 5001 517 5056 in
530 4998 676 5070 Euarrgelio
692 4998 840 5068 recitetur,
852 5014 901 5055 ex·

101 5091 197 5163 ponit,
210 5100 273 5161 post
293 5091 520 5150 murmontionem
541 5091 646 5147 seilicet
666 5105 697 5147 se
716 5090 818 5148 bibisse
838 5106 900 5146 eam

104 5182 236 5249 beatiam
249 5183 302 5239 nisi
314 5180 384 5238 lorte
394 5181 450 5238 illic
458 5182 601 5239 mmamus
615 5182 774 5247 indicatum,
784 5181 830 5238 ubi
841 5181 899 5236 ait:

103 5272 199 5329 nom
219 5271 286 5329 illati
299 5272 387 5333 titan
400 5272 530 5328 uobiscum
550 5288 644 5328 nonum
663 5273 692 5327 in
711 5287 788 5342 regno
809 5269 899 5327 Putris

103 5362 161 5417 mci
174 5360 282 5434 (letti.
298 5362 385 5435 xxm).

144 5449 182 5504 lit
198 5453 320 5524 precepit
338 5453 414 5509 noba
428 5454 569 5525 predicari
586 5453 693 5526 populo,
714 5464 739 5511 et
762 5455 899 5525 testificari

954 4829 1096 4883 ‹eorpure
1112 4814 1181 4884 ejus,
1203 4825 1336 4872 venenant
1354 4816 1475 4871 dicentes
1508 4831 1537 4870 se
1557 4815 1639 4870 etiam
1660 4814 1745 4870 visio·

953 4922 962 4954 t
981 4919 1044 4959 aem
1056 4903 1212 4975 angelorum
1233 4905 1342 4971 vidisse,
1355 4907 1400 4974 qui
1414 4907 1507 4962 dieunt
1518 4919 1580 4961 eum
1590 4905 1692 4961 vivere.
1707 4903 1744 4959 lit

954 5013 963 5048 r
982 4997 1107 5052 abierunt
1129 4997 1238 5067 quidam
1255 5012 1290 5053 ex
1313 5000 1412 5054 nostris
1425 4999 1459 5054 ad
1479 5008 1695 5063 monumentum,
1713 5005 1742 5053 et

954 5106 963 5141 r
981 5088 1019 5143 ita
1032 5088 1194 5144 inuenerunt
1207 5090 1277 5144 sieut
1287 5089 1413 5146 mulieres
1425 5089 1561 5158 dixerunt,
1575 5092 1663 5162 ipsum
1676 5104 1744 5148 vero

953 5201 963 5234 c
982 5197 1036 5237 non
1057 5182 1227 5238 invenerunt
1251 5183 1285 5238 Et
1300 5184 1358 5254 ipse
1373 5182 1444 5240 dixit
1464 5184 1498 5239 ad
1514 5199 1571 5241 eos.
1587 5182 1610 5241 0
1625 5183 1699 5240 stulti
1713 5189 1742 5238 et

955 5289 965 5324 r
983 5272 1054 5328 tardi
1067 5274 1148 5328 corde
1162 5273 1197 5328 ad
1208 5273 1382 5339 credendum,
1397 5273 1424 5328 ia
1438 5275 1565 5331 omnibus
1577 5289 1638 5346 quse
1659 5271 1742 5326 locuti

955 5381 965 5414 c
983 5370 1046 5419 sunt
1059 5364 1206 5433 propbeta.
1216 5363 1311 5419 Nonne
1323 5365 1382 5418 bac
1394 5364 1513 5434 oportuit
1523 5363 1579 5434 pati
1602 5363 1741 5418 Christum

954 5462 1010 5509 tet
1032 5454 1068 5508 ita
1091 5454 1194 5510 intrare
1214 5455 1241 5509 in
1265 5455 1380 5526 gloriam
1402 5455 1498 5510 suarnl
1520 5454 1554 5509 Et
1577 5451 1740 5520 incipiente

102 5544 170 5618 tretia
190 5545 245 5616 ipre
259 5554 310 5611 cst,
321 5554 375 5604 ete.
389 5545 449 5618 lpse
458 5546 532 5603 enim
545 5546 572 5602 in
584 5547 731 5617 Evangelio
741 5547 780 5604 ait
795 5565 802 5601 ε
818 5545 900 5602 Pater
953 5565 963 5598 c
981 5547 1056 5603 lioso
1074 5554 1102 5602 et
1120 5546 1245 5603 omnibns
1261 5546 1410 5618 prophetis,
1432 5543 1662 5614 interpretabatur
1685 5537 1740 5594 illis

106 5651 162 5688 aon
170 5633 277 5706 judicat
287 5651 455 5709 piternnatam,
468 5636 513 5693 scd
523 5653 599 5692 omne
606 5636 817 5707 judicinmdedit
828 5635 897 5692 Filio
952 5658 962 5690 t
981 5641 1007 5693 in
1031 5640 1157 5695 aturribus
1171 5639 1321 5709 seripturis
1337 5653 1398 5708 utrm
1412 5637 1447 5692 de
1468 5637 1527 5705 ipso
1542 5641 1628 5688 erant.
1645 5632 1679 5688 Et
1693 5647 1739 5704 ap-
