3810 6120
150 263 202 321 231
806 246 983 308 sulutem
1003 242 1150 302 ADBdTlS
1734 238 1789 296 ης

154 395 164 428 r
182 373 430 448 propinquaverant
451 365 579 433 castello,
598 381 652 437 quo
671 365 763 431 ibant,
781 371 810 419 ct
832 363 889 432 ipse
911 376 941 417 se
955 363 979 421 Α
993 356 1132 420 exhibuit,
1155 354 1204 410 sed
1218 353 1253 410 de
1275 367 1306 409 se
1328 352 1525 418 dubitantibus,
1546 349 1711 422 cognitionis
1731 368 1791 410 sue

155 466 261 522 abnuit
282 462 389 534 longius
409 461 458 515 ire.
484 458 517 513 Et
539 463 686 528 ooegcruat
708 454 783 510 illum
798 453 940 509 dicentes:
994 447 1114 520 speciem
1127 445 1279 500 abscondit.

155 575 165 609 r
184 556 262 611 blane
280 554 433 615 nobiscum,
445 549 573 620 quoniam
588 545 803 618 advesperascit,
819 551 847 600 et
867 543 944 600 incli·
1030 536 1199 607 llmpondrns
1223 543 1311 589 autem
1334 551 1402 589 unus
1432 551 1509 605 cuper
1533 549 1628 590 nmuen
1649 532 1791 606 cleopbas,

156 665 165 698 r
184 652 247 701 nata
260 650 301 699 est
313 642 369 713 jam
382 639 451 696 dies.
465 638 499 694 Et
516 638 628 692 intrarit
638 652 700 692 eum
715 635 779 690 illis.
796 634 829 690 Et
841 633 944 689 lactura
994 627 1061 682 dicit
1073 626 1097 681 ei
1108 641 1117 677 .·
1130 624 1169 680 Tu
1181 621 1253 679 solua
1264 624 1416 694 peregrinus
1429 640 1456 678 es
1469 624 1497 678 in
1510 621 1690 690 Hierusalem,
1700 634 1725 679 et
1739 642 1792 684 nan

155 753 167 788 c
185 742 227 792 est
239 735 304 789 dum
324 731 497 786 recumberet
512 743 574 783 cum
592 727 656 792 illis,
678 726 783 796 accepit
804 738 902 794 panem
916 731 945 778 et
995 719 1137 791 cognoristi
1164 734 1224 790 quar
1241 716 1312 787 iacta
1326 715 1429 771 suntin
1444 716 1492 770 illa
1512 717 1554 771 lrir
1574 716 1688 772 diebus!
1707 716 1792 774 Pere-

156 845 167 881 r
185 825 322 882 benedixit
340 839 373 879 ae
391 821 471 893 fregit
491 829 518 876 et
536 821 692 892 porrigebat
715 820 778 876 illis.
802 817 835 873 Et
858 818 946 888 aperti
995 813 1103 884 grinum
1117 809 1249 880 putabant
1268 823 1346 873 eum,
1362 807 1440 878 cujus
1461 807 1565 863 uultum
1581 822 1636 862 noa
1659 823 1791 880 agnosce·

157 938 167 972 r
184 926 248 976 sunt
260 917 331 973 oculi
342 930 436 970 eorum
448 924 476 969 et
487 922 671 985 cognoverunt
684 928 757 969 eum.
772 912 806 968 Et
817 912 874 981 ipse
886 924 947 965 ena·
995 904 1072 959 bant.
1088 902 1141 959 Sed
1154 911 1182 958 ct
1203 916 1297 957 revera
1312 900 1471 972 peregrinus
1485 907 1545 954 erat
1565 899 1617 965 eis,
1637 914 1652 954 a
1671 916 1791 971 quorum

160 1010 247 1065 rrruit
266 1023 299 1062 ex
320 1006 406 1063 oculis
425 1021 531 1060 eorum.
551 1004 585 1059 Et
606 1004 733 1058 dixerunt
753 1003 788 1058 ad
807 1002 944 1057 invicem:
995 1003 1101 1050 naturae
1122 994 1278 1064 fragilitate,
1293 1000 1420 1062 percepta
1436 989 1494 1059 ianr
1507 991 1719 1047 resurrectionis
1733 991 1792 1063 glo-
1878 1008 1884 1017 ·

158 1119 169 1153 r
187 1099 281 1155 Nonne
294 1113 341 1153 cor
361 1104 484 1151 nostrum
498 1096 596 1151 ardens
609 1101 669 1150 erat
683 1094 709 1148 in
724 1093 803 1148 nobis
822 1092 885 1147 dum
907 1090 948 1145 lo-
998 1085 1050 1150 ria,
1074 1084 1153 1156 longe
1175 1083 1301 1138 distabat.
1323 1080 1486 1149 Peregrinus
1500 1087 1560 1133 erat
1573 1079 1625 1145 eis,
1644 1094 1660 1134 a
1676 1094 1794 1150 quorum

158 1209 168 1244 r
186 1198 316 1263 queretur
334 1189 362 1243 in
377 1189 431 1253 nia,
445 1196 474 1243 et
494 1187 613 1257 aperiret
632 1186 712 1240 nobis
729 1181 902 1253 Scripturas?
913 1180 949 1236 Et
998 1175 1088 1231 adbuc
1099 1171 1152 1229 lide
1165 1181 1259 1243 utpote
1271 1170 1480 1226 resurrectionis
1490 1169 1549 1239 ejus
1562 1169 1655 1225 nescia
1667 1171 1796 1226 manebat

158 1287 329 1351 «surgentes
352 1278 448 1333 eadem
472 1277 539 1331 bora
561 1275 678 1347 regressi
696 1282 759 1330 sunt
773 1273 800 1328 irr
817 1272 948 1327 llierusa·
999 1272 1157 1321 extraneus.

161 1390 171 1424 r
188 1371 254 1435 lem,
278 1376 306 1423 et
329 1370 491 1424 inuenerunt
510 1374 689 1437 congregatos
709 1364 835 1421 undecim
858 1371 886 1418 ct
902 1375 950 1417 eos
1036 1352 1137 1419 Qulltt
1150 1351 1194 1406 511⁶
1207 1351 1295 1406 dixit:
1310 1349 1395 1416 Qua?
1407 1349 1440 1403 Et
1456 1349 1579 1404 dicerunt
1591 1352 1647 1408 :De
1659 1349 1723 1405 Jeart
1737 1349 1796 1405 Na·

160 1463 235 1533 rqui
259 1477 320 1516 cum
345 1460 412 1529 ipsis
437 1465 537 1521 erant,
561 1458 683 1512 dicentes
704 1474 711 1511 :
739 1456 808 1524 Quia
831 1453 951 1509 surrexit
1002 1463 1107 1511 surena,
1120 1445 1165 1515 qui
1179 1444 1229 1514 fuit
1251 1449 1290 1500 uir
1310 1443 1446 1514 propbeta,
1469 1451 1559 1513 potens
1574 1442 1602 1497 in
1616 1458 1693 1513 opere
1704 1450 1729 1497 et
1741 1458 1797 1498 ser·

161 1573 171 1607 r
188 1552 405 1615 Domiarrsrere,
420 1557 448 1604 et
467 1549 592 1618 apparuit
615 1546 729 1601 Simoni.
745 1545 779 1599 Et
791 1543 841 1614 ipsi
856 1558 952 1600 narra·
1002 1554 1079 1592 mone
1093 1551 1183 1591 eoram
1198 1534 1252 1589 Deo
1265 1546 1289 1589 et
1310 1534 1381 1589 omni
1393 1531 1501 1604 populo.
1520 1531 1685 1604 Prophetam
1698 1541 1726 1588 et
1740 1548 1798 1589 ma·

161 1663 171 1698 r
189 1647 257 1701 bant
283 1659 343 1713 que
366 1650 440 1713 gesta
454 1648 534 1695 erant
548 1640 575 1694 in
598 1639 653 1704 sia,
666 1645 694 1693 et
705 1635 840 1708 quomodo
851 1650 952 1707 cogno-
1003 1643 1086 1699 snum
1104 1626 1234 1691 latemur,
1250 1623 1349 1680 fillum
1363 1623 1410 1678 Del
1430 1630 1539 1688 ltoessls
1553 1630 1584 1678 ul
1602 1622 1715 1686 scillcet,
1727 1637 1798 1678 1¹⁰¹!-

163 1755 173 1789 r
191 1743 288 1792 rerunt
303 1749 364 1790 eum
380 1733 406 1787 in
420 1731 551 1787 fractione
564 1729 669 1800 panias
967 1701 991 1761 Β
1007 1719 1071 1775 dum
1093 1718 1212 1790 perfecte
1226 1718 1377 1780 credentes,
1391 1714 1435 1770 sel
1456 1713 1575 1780 solliciti,
1590 1728 1625 1769 ne
1647 1713 1801 1769 inciderent
1854 1784 1856 1786 q

1007 1810 1035 1864 in
1050 1823 1146 1863 manus
1157 1805 1310 1863 ludaeorum
1322 1804 1553 1875 persequentium,
1564 1804 1628 1875 quia
1642 1804 1803 1861 nesciebant

1006 1901 1067 1971 quis
1079 1907 1152 1956 esset
1165 1913 1226 1954 cum
1241 1912 1295 1968 quo
1311 1896 1501 1966 loquebantur,
1514 1895 1586 1964 quod
1603 1909 1698 1951 rerum
1709 1896 1802 1952 credi·

1007 1993 1071 2050 dero
1083 1991 1214 2048 celantes.

1042 2083 1077 2138 lit
1094 2081 1223 2156 quomodo
1236 2080 1402 2135 tradiderunt
1422 2095 1481 2135 eum
1498 2078 1594 2134 summi
1613 2077 1762 2133 sacerdotes
1776 2087 1802 2132 et
1832 2130 1836 2135 .

1006 2173 1136 2244 principer
1154 2171 1237 2225 nostri
1249 2171 1277 2223 in
1297 2168 1492 2224 damnationem
1511 2170 1612 2233 mortis,
1628 2177 1652 2223 et
1667 2167 1806 2236 crucifixe·

164 2341 225 2382 rum
237 2325 325 2394 spatia
340 2329 507 2386 mensurant,
520 2329 616 2377 octaua
637 2328 755 2389 estpars
778 2316 912 2382 milliarii,
932 2325 960 2370 ct
1008 2259 1807 2422 ΖᾝρῑζπωἪζῶνᾯῃὲῃΐᾟξέἕῖηέἕζέ,’(81.0ωὲΥὲ

164 2418 226 2474 ideo
249 2415 390 2487 sexaginta
415 2415 520 2480 stadia,
542 2423 646 2484 septem
669 2410 755 2467 millia
773 2425 908 2514 ¹passuum
932 2417 960 2511 et
1010 2445 1114 2514 seipsos
1137 2442 1338 2514 quodammodo
1355 2444 1522 2513 arguebam,
1544 2444 1616 2515 quod
1637 2443 1665 2499 qn
1688 2442 1735 2498 mo
1756 2456 1804 2498 η,

164 2509 328 2580 quingentos
342 2506 507 2577 significant,
527 2505 599 2575 quod
620 2505 690 2560 bene
710 2510 827 2574 spatrum
850 2510 961 2556 rtrncrrs
1010 2532 1192 2603 demptionem
1206 2530 1384 2602 speraverim·
1405 2547 1485 2603 quem
1505 2533 1562 2604 jam
1576 2541 1714 2590 mortuum
1726 2531 1805 2588 vide,

166 2601 293 2670 congruit
314 2599 355 2654 eis
373 2597 432 2668 qui,
447 2597 481 2652 do
503 2604 590 2652 morte
605 2610 636 2650 aa
659 2593 797 2664 sepultura
812 2590 961 2650 salvatoris
1012 2630 1085 2688 mm,
1110 2637 1162 2678 nec
1177 2629 1392 2678 mmmmm
1408 2623 1565 2690 credebam.
1578 2631 1607 2680 θ,
1625 2622 1744 2680 mim„
1757 2622 1809 2680 go.

168 2690 254 2753 certi,
267 2687 342 2744 dubii
355 2687 388 2743 de
403 2686 604 2742 resurrectione
617 2683 819 2756 gradiebantur.
836 2680 904 2736 llam
920 2693 962 2734 re·
1014 2711 1106 2767 'eham
1116 2726 1178 2768 eum
1192 2711 1251 2766 sine
1265 2711 1344 2781 culpa
1356 2713 1486 2782 misum,
1501 2713 1565 2784 qui,
1579 2721 1714 2769 ΝΜ
1731 2711 1809 2768 qm

169 2780 452 2848 correctionemque
464 2785 526 2848 post
540 2776 685 2846 septimum
701 2772 806 2829 sabbati
821 2770 893 2828 lacta
907 2778 961 2835 est,
1014 2809 1133 2859 omem·

169 2880 266 2928 oetam
290 2883 403 2925 numero
431 2865 565 2923 contineri
589 2867 651 2936 quis
675 2863 812 2935 ambiget?
833 2858 963 2931 Discipuli

195 1870 329 1925 Errantes
343 1868 395 1921 duo
409 1882 441 1920 eu
455 1863 592 1937 discipulis
603 1862 679 1927 Jeru,
693 1862 767 1918 ibant
776 1862 804 1916 in
818 1859 955 1915 castellum

160 1966 218 2035 ipsa
230 1963 282 2027 die,
296 1961 366 2032 quod
386 1969 443 2014 erut
462 1960 491 2012 in
504 1958 589 2030 spatio
608 1956 756 2011 stadiorum
770 1954 909 2024 sexaginta
922 1951 955 2006 ab

162 2051 347 2117 Hierusalem,
364 2051 468 2105 nomine
479 2055 648 2117 Emmuut,et
660 2049 709 2119 ipsi
726 2046 899 2120 loquebantur
921 2043 956 2099 ad

161 2145 272 2200 inuicem
287 2142 319 2197 de
333 2143 374 2196 bis
395 2141 515 2197 omuibus
529 2156 589 2211 quae
608 2139 770 2194 coemerunt.
785 2136 837 2209 (Ex
860 2132 956 2205 Beda.)

164 2232 288 2290 Stadium
300 2231 371 2303 quod
382 2231 480 2298 Graeci,
492 2238 603 2286 auctore
616 2237 647 2284 ut
658 2229 753 2285 dicunt
766 2226 890 2292 Hercule,
902 2227 958 2280 ria·

1052 2891 1087 2947 Et
1111 2910 1180 2948 nuere
1193 2911 1272 2964 super
1293 2892 1349 2949 lroec
1369 2896 1474 2960 amnia,
1492 2895 1569 2948 tertia
1587 2893 1643 2948 dr'ea
1662 2900 1701 2947 est
1720 2891 1811 2958 mate,

168 2977 244 3035 ergo,
261 2961 307 3032 qui
320 2960 354 3015 de
367 2959 480 3015 Domino
495 2958 647 3027 loquentes,
663 2954 838 3019 incedebant,
854 2962 882 3008 ct
899 2967 962 3009 sex·
1015 2982 1086 3055 md
1097 2983 1153 3037 pm
1172 2984 1243 3054 sam
1255 2992 1326 3038 um·
1343 2981 1395 3038 Sed
1410 2992 1434 3037 α
1448 2983 1570 3039 munem
1581 2983 1704 3055 mm
1720 2998 1753 3038 α
1763 2997 1813 3038 Μ,

170 3061 226 3108 tum
247 3051 328 3120 coepti
351 3049 457 3104 itineris
482 3046 637 3102 milliarium
659 3044 882 3113 compleverunt,
899 3044 963 3115 quia
977 3036 1000 3101 C
1016 3073 1237 3130 „mmmm
1250 3063 1308 3139 m.
1322 3089 1382 3144 Μ
1401 3083 1462 3128 am
1474 3072 1559 3128 qm
1576 3073 1683 3140 sm„
1700 3072 1736 3127 ,g
1749 3088 1812 3127 Μ,

170 3137 434 3207 illumsirrequercla
445 3136 580 3191 visentem
592 3149 678 3205 usque
690 3135 724 3189 ad
742 3141 869 3199 mortem,
882 3150 963 3204 quam
1017 3170 1179 3227 nmmum,
1195 3170 1220 3215 a
1234 3177 1288 3215 m
1300 3162 1403 3215 immo
1416 3176 1525 3231 cmm
1537 3160 1595 3231 'ju
1615 3167 1750 3226 „mm
1767 3161 1814 3216 di·

171 3239 248 3287 serta
261 3229 366 3284 sabbati
382 3227 474 3292 subiit,
490 3227 647 3297 pervenisse
660 3225 799 3291 dolebant,
815 3225 967 3295 compleue—
1017 3258 1104 3306 m,
1125 3267 1152 3304 κ
1169 3251 1249 3304 mm
1269 3251 1395 3305 „qn-mm
1411 3249 1564 3320 mamm
1582 3251 1688 3317 mim,
1705 3250 1752 3322 4¹¹³
1772 3250 1815 3305 ἡ,

172 3328 237 3374 ruat
251 3327 278 3374 ct
293 3317 452 3389 septimum,
468 3315 532 3387 quin
554 3316 625 3371 bunc
640 3315 667 3370 in
684 3315 809 3386 sepulcro
831 3315 968 3387 quievisse
1018 3349 1080 3396 m,
1090 3356 1150 3395 m„
1161 3339 1255 3394 „m
1269 3339 1412 3396 permisso
1424 3339 1552 3395 (ficuum,
1563 3339 1663 3396 mmm
1674 3354 1732 3408 Μ,
1745 3355 1816 3412 qm,

172 3425 228 3466 non
241 3408 411 3463 dubitabant.
425 3407 525 3461 Verum
538 3405 572 3462 de
584 3415 681 3462 octaro
698 3404 840 3461 dimidium
861 3413 968 3460 tautum
1018 3446 1079 3487 mm
1091 3429 1300 3500 mentibuquuq
1314 3430 1348 3485 de
1361 3445 1415 3485 Μ
1428 3430 1540 3486 juven„
1550 3444 1664 3502 corpo„
1677 3430 1817 3488 dominio„

172 3508 352 3574 Webefumv
377 3499 441 3570 ‘1⁰5³
464 3497 579 3570 8¹⁰⁶³¹¹¹
601 3497 745 3552 “demta
766 3496 822 3567 5²¹⁰
844 3512 967 3553 ΜΝ·
1019 3525 1188 3588 moestitiam,
1203 3523 1407 3595 quiadolebant
1424 3500 1536 3590 addere,
1550 3538 1632 3593 quam
1646 3523 1817 3579 denuntiata

83 3604 103 3625 χ
174 3592 273 3648 ationis
294 3590 413 3646 noudum
436 3588 558 3661 perlecto
577 3589 968 3649 credebant.Emrnausautern
1018 3630 1066 3689 W
1080 3615 1190 3685 angelos
1203 3612 1261 3683 ejus
1274 3613 1474 3670 „esurrectione
1489 3613 1626 3684 gaudium,
1639 3626 1694 3683 quq
1707 3625 1817 3670 Μ.

176 3681 235 3752 ipsa
250 3688 292 3736 est
312 3679 459 3749 Nicopolis,
480 3678 578 3734 civitas
599 3678 714 3750 insignis
731 3679 890 3746 Palaestinas,
910 3693 970 3749 quae
1020 3716 1124 3771 mmm·
1140 3705 1234 3761 videre
1249 3710 1405 3775 pomerum,

176 3779 238 3842 post
255 3769 479 3842 expugnationem
493 3767 602 3833 iudaeae,
618 3768 670 3823 sub
683 3767 774 3823 blanco
787 3767 900 3824 Aurelio
914 3768 969 3824 llu-

180 3862 274 3916 tonino
288 3860 411 3930 principe
425 3865 593 3924 restaurata,
617 3873 680 3913 curu
708 3865 781 3913 statu
806 3858 921 3913 mutarit
943 3868 972 3915 et

180 3968 289 4010 nomen.

1055 3819 1221 3874 Etobierunt
1234 3817 1342 3890 quidam
1359 3833 1392 3871 es
1404 3819 1501 3871 nostris
1514 3817 1548 3871 ud
1568 3823 1779 3882 monumentum,
1791 3826 1818 3871 et
1885 3827 1891 3835 ·

1019 3913 1058 3966 ita
1079 3909 1248 3972 inuenerunt,
1263 3908 1331 3961 sieut
1348 3906 1469 3961 mulieres
1489 3907 1623 3961 dicerunt.
1641 3905 1734 3976 Ipsum
1756 3922 1819 3962 sero

1022 4015 1074 4053 non
1095 3997 1257 4051 inuenerunt.
1272 3994 1340 4050 Cum
1354 3997 1412 4066 ipse
1430 3995 1518 4052 anas
1540 4010 1622 4066 supra
1645 3995 1758 4052 Petrum
1774 3996 1817 4053 di·

216 4066 250 4121 Et
265 4065 364 4137 {aetum
377 4074 425 4133 ert,
439 4064 503 4121 dum
517 4066 712 4138 subducatur,
725 4077 749 4122 et
762 4083 850 4123 recum
870 4084 973 4138 qurere-
1022 4087 1093 4142 mig
1116 4085 1269 4142 cucurrisse
1289 4086 1324 4141 aq
1343 4096 1565 4150 mmmmm,
1583 4093 1613 4142 gg
1635 4097 1708 4141 mg
1732 4083 1816 4142 (2100.

180 4166 249 4223 τινα,
262 4166 285 4210 et
299 4156 442 4227 qneusm
456 4156 670 4228 surrecturum
692 4156 745 4211 liu
760 4172 820 4212 cun
840 4156 904 4212 rua.
920 4155 972 4212 ¹⁴⁰·
1017 4175 1203 4252 prostrasse,
1220 4175 1278 4247 ipse
1293 4175 1416 4232 retulerit
1439 4177 1510 4246 quaa
1531 4176 1641 4247 qnorum
1663 4189 1760 4231 mmm
1775 4175 1818 4232 re-

179 4258 294 4320 quentes
306 4249 339 4304 (¹0
354 4264 384 4304 ὅθ
398 4248 528 4304 ⁰⁰¹¹¹l¹¹¹¹⁸
542 4249 761 4320 ²Dlli0ili¹¹ll¹¹i¹¹s
774 4250 974 4316 ⁰⁰fflll³ll¹l2¹¹l
1022 4276 1084 4324 rant
1104 4266 1140 4323 ad
1167 4275 1388 4332 monumentum,
1410 4268 1457 4323 sed
1485 4267 1594 4324 Petrum
1617 4265 1706 4324 solam
1728 4267 1821 4336 prime

181 4348 209 4396 et
224 4340 304 4396 iidem
319 4356 374 4396 sum
388 4341 596 4396 resurrectionis
610 4356 704 4396 eorum
720 4342 856 4398 mentibus
876 4341 971 4398 incorr·
987 4360 1265 4450 „commemora-p,
1288 4360 1351 4429 quja
1374 4359 1416 4417 mg
1440 4359 1566 4430 primitus
1594 4358 1680 4415 guig
1705 4358 1821 4415 nuncia.

183 4430 240 4495 dat,
254 4438 282 4484 et
297 4430 402 4486 occulte
415 4431 559 4499 praesentia
575 4430 725 4500 maiestatis
737 4446 845 4500 semper
860 4445 889 4486 se
901 4431 974 4501 quod
1029 4451 1107 4505 gerp,

183 4522 308 4590 l³f⁰misit
323 4520 495 4590 ifflllelllfflffl
508 4520 639 4591 deliine&
653 4519 704 4575 Uli
716 4522 785 4576 ‘illm
797 4531 858 4576 Μ’
869 4520 923 4576 ‘¹¹¹⁰
935 4519 976 4576 ¹³⁶¹
1064 4541 1099 4596 Et
1112 4543 1166 4612 lpse
1180 4541 1247 4596 diruit
1258 4541 1292 4595 od
1306 4557 1369 4597 eos:
1386 4539 1408 4597 0
1422 4542 1496 4597 stulti
1506 4550 1531 4598 et
1543 4542 1614 4596 turdi
1624 4540 1703 4596 corde
1717 4540 1755 4595 sd
1768 4557 1826 4595 cra-

184 4622 237 4667 lm
257 4613 405 4685 willielmi
418 4612 445 4665 ln
460 4613 564 4665 ”limile
579 4629 647 4676 ”⁸2⁰2
661 4612 697 4664 ill
710 4629 768 4666 Dim
783 4615 811 4667 ''lt
834 4615 919 4667 'delli’
932 4631 976 4667 0⁰·
1029 4632 1152 4696 dendum,
1164 4633 1191 4685 in
1201 4632 1321 4686 omnibus
1332 4648 1390 4703 que
1399 4631 1480 4686 locuti
1492 4641 1552 4686 aunt
1564 4631 1714 4703 propbetas!
1727 4629 1824 4685 Nonae

186 4716 244 4754 ΝΜ
260 4699 367 4770 immi·
380 4697 470 4770 Μὴ·
1029 4725 1084 4778 brec
1101 4724 1214 4794 oportuit
1229 4724 1284 4793 pati
1299 4722 1432 4778 Christum
1455 4733 1479 4777 et
1493 4732 1531 4777 rta
1544 4724 1644 4777 intrare
1659 4722 1688 4777 in
1705 4719 1824 4792 gloriam

223 4807 299 4865 Oculi
322 4819 409 4864 autem
437 4807 544 4863 illorum
571 4809 734 4874 tenebantur,
757 4829 789 4866 ne
808 4828 868 4867 eunt
892 4829 975 4883 ogno-
1030 4812 1482 4884 suarnib'tincipiensabiopseet
1497 4812 1826 4885 omnibuspropbetis,r'rr·

185 4907 296 4962 sacrent,
318 4908 341 4952 et
361 4899 398 4952 ait
418 4898 452 4953 ud
469 4897 529 4954 ilios
540 4912 550 4950 .·
561 4897 614 4964 Qui
633 4910 694 4954 sunt
714 4901 741 4954 iri
761 4918 893 4958 sennones
912 4920 977 4975 quos
1028 4903 1221 4974 terpretabatur
1234 4903 1287 4959 illia
1301 4904 1328 4959 in
1345 4900 1625 4975 omniburScripturis,
1637 4919 1698 4975 quat
1713 4903 1748 4958 de
1765 4904 1826 4975 ipso

186 4989 311 5057 confertis
322 4989 357 5043 ad
375 4989 493 5054 lancem,
508 4990 672 5046 ambulantes
691 5001 715 5046 et
732 4993 792 5048 estis
807 4994 979 5066 tristesillp-
1029 5004 1114 5050 erant.
1128 4991 1186 5050 lloc
1204 4995 1283 5051 uobis
1303 4996 1363 5051 loco
1377 4996 1479 5052 nullam
1503 4997 1666 5068 scripturam
1689 4995 1826 5068 interpre-

187 5080 277 5150 paruit
296 5081 405 5149 quidem
416 5081 556 5151 discipulis
576 5082 716 5148 Dominus,
732 5084 780 5139 sed
802 5084 842 5139 eis
860 5085 978 5155 speciem
1029 5083 1119 5149 tandi,
1139 5085 1187 5141 sed
1200 5086 1307 5157 gemina
1326 5103 1376 5143 nos
1398 5087 1472 5159 ipsos
1492 5087 1653 5144 humiliandi
1673 5088 1827 5146 maenius

187 5182 270 5237 qnam
290 5177 514 5239 recognoscerent
534 5184 588 5225 nou
611 5171 739 5228 ostendit.
760 5170 818 5226 iioc
839 5187 904 5243 ergo
925 5173 981 5245 egit
1030 5176 1170 5242 incumbit,
1184 5178 1230 5249 qui
1249 5193 1336 5248 neque
1350 5179 1545 5250 inscriptaris.
1561 5186 1826 5252 qnantumoportet,

190 5254 257 5311 ioris
277 5257 405 5313 Dominus
424 5259 452 5313 ia
466 5260 551 5315 oculis
568 5261 703 5330 corporis,
722 5262 794 5332 quod
815 5262 887 5331 apud
907 5263 981 5333 ipsos
1028 5267 1228 5339 croatiaeque
1242 5269 1276 5324 ad
1292 5270 1512 5342 implenda,quae
1526 5272 1631 5328 discere
1644 5271 1715 5330 torte
1730 5273 1827 5346 potui·

89 5369 93 5376 ·
190 5347 407 5418 agebatur-intus
426 5348 454 5403 in
474 5349 561 5404 oculis
582 5351 682 5406 cordis.
697 5351 750 5421 ipsi
774 5366 891 5422 namque
910 5354 981 5423 apud
1029 5357 1664 5427 mus,quantumdecet,sumusintcrrti.Namsl
1678 5359 1829 5434 ldoysesm

190 5437 351 5507 semetipsos
365 5437 439 5494 intus
456 5448 484 5494 et
507 5440 634 5496 amabant
649 5450 677 5497 et
690 5442 859 5500 dubitabant.
874 5444 920 5499 Eis
933 5459 981 5500 au-
1028 5459 1123 5500 ornnes
1140 5445 1279 5514 prophetae
1301 5445 1440 5503 Christum
1457 5449 1538 5505 locuti
1562 5455 1635 5515 sunt,
1649 5457 1678 5506 et
1689 5449 1764 5506 bunc
1775 5465 1827 5523 per

193 5535 247 5584 tern
261 5527 390 5584 Dominus
403 5526 469 5585 ioris
482 5538 510 5586 et
529 5546 649 5600 presens
664 5534 768 5598 aderat,
784 5545 812 5591 et
827 5537 888 5606 quis
907 5544 981 5592 esset
1028 5538 1181 5609 angustiam
1191 5539 1324 5607 passionis
1331 5539 1358 5595 ln
1365 5539 1478 5612 gloriam
1489 5555 1566 5596 suam
1577 5540 1742 5598 intraturum
1752 5583 1761 5608 ,
1771 5557 1825 5614 qna

193 5631 248 5672 non
261 5619 430 5675 ostendebat.
450 5618 489 5675 De
502 5636 532 5676 se
545 5636 610 5693 ergo
623 5623 796 5694 loquentibus
808 5626 979 5693 praesentiam
1028 5629 1135 5684 ratione
1150 5643 1179 5684 se
1194 5631 1339 5702 gloriantur
1363 5649 1424 5690 essu
1436 5633 1617 5702 Christianos,
1628 5635 1675 5706 qrri
1688 5635 1768 5706 juata
1783 5635 1824 5691 ri·
