3810 6120
73 285 142 348 ,ας
496 283 1078 365 coutucrronsstu,srtsrotrsur
1098 285 1303 346 dulnosum,
1675 293 1726 359 tas

163 397 329 459 oottldlct
341 395 470 465 otttlttt
483 395 518 452 IN
532 397 812 464 obtundebatur.
899 401 1057 463 Aospcratea
1067 400 1216 468 inquinatos
1233 402 1379 472 maestificari
1393 403 1428 459 ad
1442 406 1654 464 emundationem
1668 429 1728 468 ear-

87 511 222 554 msruat
240 510 321 550 retur
338 507 415 548 etum
436 507 563 548 trasrour
577 509 611 548 ta
626 508 762 558 asaneus,
775 509 835 548 cir.
847 509 885 548 tx.
936 491 988 554 uia,
1001 498 1099 559 quanta
1111 490 1194 561 margia
1204 493 1312 562 tangatis
1327 491 1435 547 Christi.
1451 494 1595 571 (diorig)
1611 497 1640 554 st
1654 502 1727 557 enirn

127 582 730 644 rChristusassistensPontilerfuturorum
742 585 885 648 bonorum,
936 579 1169 651 carnem‚inquit,
1183 590 1271 652 potest
1286 583 1417 640 mundare
1438 587 1549 658 sanguis
1571 597 1708 647 taurorum
1799 547 1803 570 Ι

89 701 100 735 a
124 696 177 752 per
197 677 317 747 amplius
333 683 362 731 et
378 672 525 745 perfectius
539 674 743 730 tabernaculum
758 688 813 727 non
827 688 885 726 ma·
935 668 1020 724 multo
1031 669 1145 739 amplius
1156 671 1253 726 animae
1263 673 1370 727 sordem
1387 673 1486 730 delerit
1496 677 1606 748 sanguis
1615 633 1728 747 Christi:

89 792 100 826 r
123 770 280 833 nuiactum,
295 766 323 821 id
333 774 385 830 est,
402 781 459 821 uon
473 764 553 834 buius
566 765 722 828 creationis,
736 779 824 836 neque
837 779 886 833 per
935 766 963 814 ει
972 759 999 813 iu
1015 760 1066 815 hac
1076 761 1133 832 ipsa
1146 761 1295 818 hostiarum
1310 763 1479 832 diversitate,
1491 767 1544 824 illis
1559 770 1654 827 umbra
1666 772 1728 827 data

89 881 100 914 r
119 859 286 931 sanguinem
303 856 443 945 hircorum
462 863 510 909 aut
522 852 678 919 vitulorum,
691 853 739 908 sed
756 866 806 921 per
821 866 885 922 pro·
935 859 988 906 εει.
1000 851 1084 907 Nobis
1097 867 1162 907 vero
1182 853 1334 924 periesum
1356 857 1496 914 sbristum
1516 862 1618 917 veritas
1638 878 1727 919 reser-
1756 833 1760 879 Ἰ

89 969 100 1005 .
122 950 217 1022 prium
228 946 390 1018 sangrinem
405 943 528 1000 introivit
538 943 620 999 samad
631 945 761 999 insaneta
770 952 884 1009 aeterna,
934 948 996 995 rata
1011 950 1062 1007 est,
1076 958 1127 1013 pro
1141 942 1193 999 illis
1206 953 1297 1000 autem
1311 947 1395 1003 bores
1408 957 1435 1004 ct
1445 950 1516 1006 birci
1524 952 1718 1023 jugulabantur

89 1061 100 1094 a
123 1039 313 1110 rodernptione
326 1037 447 1092 inuenta.
463 1033 493 1090 Si
510 1036 583 1089 enim
605 1035 716 1104 sanguis
735 1035 883 1098 bircamm,
933 1038 961 1085 ει
972 1045 1046 1096 ares,
1055 1040 1083 1087 ct
1095 1032 1184 1089 simila
1205 1039 1450 1106 conspergebatur,
1465 1055 1515 1111 pro
1536 1042 1614 1099 uobis
1636 997 1731 1101 autem

89 1153 100 1187 ι
123 1141 336 1194 adnumerum,
350 1137 379 1184 ει
391 1127 460 1183 einis
477 1127 567 1181 ritulae
584 1140 713 1196 aspersus
726 1125 884 1194 inquinatos
934 1122 982 1179 Dei
994 1123 1077 1180 Filius
1089 1134 1131 1181 εει
1145 1125 1311 1183 immolatus.
1325 1127 1393 1185 Nam
1412 1139 1440 1186 et
1450 1133 1599 1189 hostiarum
1614 1137 1727 1194 dirersi-

88 1247 99 1280 ε
122 1220 279 1312 sauctitleat
293 1220 328 1277 ad
342 1219 561 1277 emundationem
572 1219 783 1288 caruis,quanto
797 1216 885 1285 magis
933 1224 1020 1271 tatum
1034 1227 1112 1289 typus
1125 1219 1270 1290 imaginem
1284 1222 1418 1293 passionis
1430 1222 1531 1281 Christi
1552 1227 1725 1298 preferebat.-

89 1335 101 1373 t
124 1315 239 1387 sanguis
253 1311 371 1376 Cbristi,
385 1310 432 1378 oui
447 1324 496 1380 per
509 1304 642 1378 Spiritum
653 1315 776 1364 sanctum
788 1306 885 1362 obtulit
932 1305 1002 1360 Nam
1020 1318 1163 1377 postquam
1183 1308 1241 1380 ipse
1257 1310 1365 1367 oblatus
1386 1322 1438 1377 est,
1452 1329 1548 1371 omnes
1560 1315 1612 1372 ille
1631 1318 1731 1374 hostiae·

90 1429 103 1462 ι
126 1408 308 1476 semetipsum
326 1403 531 1459 immaculatum
555 1403 622 1467 beo,
642 1399 799 1456 emundabit
819 1414 884 1454 eon·
932 1408 1116 1464 cessaverunt,
1123 1416 1182 1470 quae
1194 1401 1222 1456 in
1237 1409 1301 1472 typo
1314 1402 1355 1457 rel
1368 1403 1463 1459 umbra
1476 1403 1597 1472 ejusdcm
1610 1423 1726 1476 praeces-

89 1518 100 1552 «
123 1498 271 1555 scientiam
285 1502 409 1549 nostram
425 1493 460 1550 ab
485 1491 616 1562 operibus
635 1491 750 1546 mortuis
772 1489 807 1544 ad
829 1504 883 1545 ser-
932 1495 1032 1551 serant,
1043 1488 1251 1560 praefigurantes
1265 1491 1331 1547 illud
1343 1492 1518 1562 sacrificium,
1532 1496 1603 1566 quod
1619 1514 1688 1554 unus
1701 1507 1735 1553 ει

89 1590 253 1648 iciendum
280 1589 336 1643 beo
360 1584 474 1651 uirenti,
497 1593 526 1640 ει
549 1584 610 1642 ideo
632 1583 699 1640 Nori
714 1582 882 1639 Testamenti
932 1578 1155 1636 rerussaccrdos
1177 1581 1726 1656 obtulit,nrcdiatar1leicthominum,

90 1702 100 1735 ι
126 1681 263 1738 mediator
275 1687 332 1743 εει,
348 1685 379 1732 ut
398 1682 486 1731 morte
506 1673 705 1738 intercedente,
720 1673 748 1727 in
771 1672 881 1727 redcat·
932 1665 1009 1737 errius
1023 1669 1149 1725 sacrillcii
1163 1672 1340 1742 promissivas
1354 1672 1455 1745 llguras
1475 1674 1502 1729 io
1527 1676 1648 1732 victimis
1668 1678 1729 1733 anl-

90 1792 100 1826 r
124 1774 247 1844 ptionem
263 1784 357 1824 earum
372 1765 647 1837 praevaricationum,
662 1778 722 1832 quse
737 1769 818 1818 erant
832 1762 883 1817 sub
897 1749 921 1808 B
935 1761 1047 1816 mallum
1070 1761 1210 1817 celebrare
1229 1772 1293 1819 antc
1307 1765 1467 1836 oportebat,
1487 1777 1598 1839 propter
1615 1771 1730 1826 munda-

90 1883 101 1917 r
125 1862 212 1934 priori
227 1856 401 1915 Testamenta
415 1854 654 1926 repmmissioncm
674 1853 820 1922 accipiant,
836 1851 883 1921 qui
934 1849 1037 1904 tionem
1053 1849 1171 1906 suturam
1195 1855 1479 1925 carnisetsanguinis,
1489 1873 1537 1926 per
1548 1874 1629 1928 quam
1643 1875 1725 1915 unam

89 1974 100 2008 c
123 1952 214 2009 rocati
228 1959 291 2007 sarm
312 1958 421 2004 eternae
438 1944 606 2001 baereditatis
630 1943 658 1999 ia
682 1942 793 1998 cbristo
817 1940 882 1996 desa
933 1939 1070 1996 uictimam
1093 1941 1171 1997 tieret
1184 1943 1309 1999 remissio
1329 1954 1514 2015 peccatorum,
1536 1947 1569 2002 de
1593 1963 1676 2002 cume.
1697 1956 1727 2003 et

90 2066 102 2099 ι
125 2043 240 2100 nomin„
251 2049 385 2096 nomo„
689 2076 691 2082 ,
934 2030 1288 2101 sanguiuecontractomm,
1303 2048 1485 2106 qumregmnn
1496 2036 1544 2091 Dei
1562 2053 1616 2092 nan
1637 2039 1726 2109 possi-

123 2133 246 2189 Cbristua
258 2131 384 2187 assistens
398 2124 593 2196 Pantitaefflx
607 2121 695 2193 orig)
712 2119 760 2176 Est
774 2119 883 2190 quidem
933 2121 1045 2190 debunt,
1059 2139 1119 2194 quae
1140 2126 1237 2180 eadem
1254 2126 1406 2181 substantia
1427 2128 1577 2198 corporalis
1600 2130 1628 2184 in
1647 2131 1723 2185 caele

86 2240 159 2279 unns
167 2221 290 2294 pontifex
300 2208 882 2290 maguusilominusuostarlcsusChristus,
933 2223 1001 2270 stem
1016 2215 1228 2271 commutabitur
1240 2215 1407 2286 qrralitatcm.
1422 2217 1482 2288 lpse
1500 2219 1573 2276 enim
1589 2221 1616 2274 in
1631 2220 1726 2285 ritulo,

87 2318 136 2387 qui
149 2331 205 2371 non
221 2312 310 2370 solnm
322 2309 492 2367 sacerdotum
503 2301 694 2374 estpantilex,
707 2298 753 2358 sed
769 2308 796 2353 et
812 2314 889 2368 pou-.
932 2313 1045 2378 propter
1062 2305 1190 2362 uirtutem
1217 2308 1308 2364 crucis
1332 2308 1509 2367 oflerebatur.
1528 2311 1587 2380 ipse
1606 2312 1634 2366 in
1659 2327 1728 2384 agno

88 2407 195 2464 tidcum
205 2401 342 2477 pontifex,
355 2415 406 2455 uec
426 2396 598 2453 sacerdotum
619 2393 746 2463 princeps
766 2396 884 2444 tantum·
932 2405 1043 2467 propter
1057 2396 1249 2454 innocentiam.
1264 2398 1293 2454 ln
1304 2400 1401 2467 ariete,
1416 2410 1527 2472 propter
1535 2403 1727 2473 principatum,

86 2500 183 2565 mono,
199 2497 248 2553 sed
261 2505 288 2551 ει
301 2495 425 2565 prinecps
439 2491 590 2561 principum
614 2486 784 2544 sacerdotum
812 2483 884 2540 sicut
933 2487 961 2542 in
972 2488 1049 2544 biruo
1061 2499 1170 2560 propter
1184 2489 1388 2545 similitudinem
1408 2492 1500 2549 carnis
1514 2494 1629 2565 peccati,
1646 2504 1676 2549 ut
1693 2496 1727 2550 de

85 2600 116 2644 et
131 2589 191 2642 ilex
211 2593 350 2657 regum,et
371 2575 884 2647 dominusDominarum,quire1amea
932 2587 1045 2649 peccato
1057 2581 1199 2634 damnaret
1213 2592 1368 2651 peccatum.
1379 2581 1409 2637 in
1423 2590 1528 2640 turture
1541 2594 1568 2640 ει
1589 2586 1725 2651 columba,

88 2679 176 2751 (quan
186 2675 329 2748 Apostolus
339 2674 534 2743 interpretatus
545 2678 587 2724 cst
598 2666 704 2724 colum*
725 2674 882 2737 penetrans,
933 2681 1043 2743 propter
1058 2673 1142 2728 θεειρ
1163 2682 1191 2727 ει
1212 2674 1360 2741 bominem,
1381 2677 1444 2747 quia
1470 2678 1603 2735 mediator
1626 2679 1675 2734 Ilei
1700 2690 1728 2734 ct

69 2768 198 2826 misnia
209 2781 278 2822 nnnc
291 2765 377 2820 vultui
391 2764 439 2819 bei
459 2777 509 2831 pro
522 2761 611 2828 nobis,
624 2773 733 2827 semper
743 2758 837 2813 virens
849 2758 884 2812 ad
933 2761 1070 2826 bominis,
1099 2761 1127 2815 in
1151 2762 1265 2817 duarum
1294 2766 1508 2821 substautiamm
1534 2770 1725 2839 conjunctione

85 2860 326 2931 mmmm
374 2876 381 2886 ·
932 2853 1136 2909 ostendebatur.
1158 2854 1244 2911 Porro
1272 2856 1300 2910 in
1324 2857 1484 2928 similaginis
1511 2859 1726 2930 conspersione,

126 2950 291 3006 Futurarram
302 2947 624 3006 bonorumbircearum
638 2943 884 3003 diuersorunctra·
933 2944 1101 3000 credentium
1119 2960 1168 3016 pcr
1191 2961 1290 3016 aqrram
1313 2947 1486 3016 baptismatis
1513 2949 1656 3005 collectum
1679 2951 1729 3006 Ee-

85 3044 243 3109 rtsmtnnr,
257 3042 305 3113 qui
327 3041 356 3096 in
376 3040 464 3111 primo
491 3038 608 3093 aduentu
632 3034 817 3098 credentibus,
832 3049 883 3094 uer
932 3034 1121 3105 clusiumque
1135 3035 1344 3106 corpusClrristi
1357 3039 1497 3108 perspicue
1512 3039 1726 3096 demonstrabat.

88 3135 224 3207 Spiritum
234 3143 359 3191 sanctum
369 3134 431 3188 data
442 3139 505 3187 suut
515 3129 680 3191 bominibus,
692 3127 751 3181 sire
760 3103 917 3181 omniurnC
933 3124 987 3182 Nos
998 3135 1089 3184 autam
1104 3126 1244 3181 moraliter
1261 3141 1359 3181 munus
1375 3127 1430 3181 Deo
1441 3127 1555 3182 uitulum
1574 3126 1723 3192 offeriuuas,

87 3227 243 3284 futurarum
264 3224 453 3292 banorum,de
473 3223 572 3293 quibus
586 3219 728 3275 Psalmista
741 3216 881 3272 conlidens
931 3229 992 3269 cum
1005 3213 1095 3269 caruis
1107 3213 1261 3283 superbiam
1272 3212 1407 3269 vincimus
1424 3229 1431 3268 ε
1451 3231 1551 3286 agnum
1573 3232 1634 3271 cum
1657 3217 1726 3273 irra-

87 3319 200 3374 aiebat:
218 3315 304 3373 Credo
317 3316 403 3370 uidere
413 3313 481 3368 baua
493 3311 601 3366 bomini
612 3310 640 3364 in
650 3318 722 3363 terra
740 3307 881 3363 cluentium
931 3303 1074 3360 tionabiles
1084 3312 1186 3369 motus,
1197 3313 1224 3358 et
1236 3305 1395 3375 insipientes
1408 3305 1588 3376 corrigimus:
1605 3309 1724 3373 incedunt,

86 3409 177 3480 (Μ
193 3425 257 3465 m,
271 3411 290 3480 )‚
931 3397 995 3453 dum
1014 3396 1154 3451 lasciviam
1167 3411 1326 3466 superamus
1344 3415 1350 3451 :
1367 3397 1531 3464 columbam,
1546 3399 1610 3453 dum
1626 3401 1728 3472 simpli-

127 3495 307 3570 Per'nmpliua
318 3508 342 3554 ει
355 3498 495 3570 perfectius
508 3493 715 3552 tabernaculam.
731 3492 782 3564 (Ex
799 3491 879 3548 Joan.
931 3489 1041 3545 citatem
1054 3486 1219 3557 proterimus
1232 3489 1331 3542 urentis
1348 3507 1354 3541 :
1379 3496 1530 3554 turturem,
1549 3489 1613 3543 dum
1637 3492 1729 3546 caruis

86 3591 200 3662 Cbrps.)
214 3589 264 3647 iiie
277 3605 387 3646 carnem
398 3588 500 3645 Cirristi
511 3583 782 3657 appellatrlpostolus
793 3583 881 3638 taber-

87 3685 228 3741 naculum.
240 3681 456 3739 tabernaculum
472 3680 546 3737 enim
560 3691 625 3732 caro
637 3676 736 3732 dicitur
762 3671 880 3738 Cbn'sti,

87 3783 195 3837 babens
207 3781 234 3835 in
244 3795 274 3835 se
289 3776 468 3840 divinitatem,
481 3776 508 3829 in
523 3773 568 3828 illo
581 3769 712 3836 enimait
723 3766 879 3838 Apostolus,

86 3873 194 3929 habitat
208 3873 297 3928 omnis
310 3868 450 3941 plenitudo
467 3865 618 3922 divinitatis
638 3859 825 3931 corporaliter.
848 3857 882 3912 Et

18 3997 21 4001 ·
87 3968 159 4022 irene
174 3966 288 4036 amplius
297 3973 326 4019 et
339 3962 485 4034 perfectius
497 3955 699 4014 tabernaculum
710 3951 810 4008 Clrristi
821 3966 882 4004 car-

87 4076 152 4117 nem
168 4060 244 4123 dixit,
257 4058 391 4128 siquidem
409 4062 437 4111 et
455 4054 527 4108 Deus
537 4051 661 4109 uerbum,
672 4053 806 4103 ctcuncta
819 4042 881 4112 Spi-

87 4153 161 4207 ritus
175 4152 298 4222 operatio
309 4148 415 4204 habitat
429 4147 457 4200 in
474 4160 517 4199 eo.

125 4241 191 4297 Nou
201 4257 283 4295 meaa
296 4239 407 4310 factam.
418 4235 476 4291 lloe
488 4241 540 4298 cst,
555 4248 610 4287 non
620 4229 692 4285 ririli
703 4226 805 4282 semine
815 4238 882 4279 can·

86 4344 208 4399 eretum,
219 4333 268 4388 sed
282 4333 316 4387 de
330 4329 438 4400 Spiritu
448 4334 543 4384 sanato
555 4340 589 4378 ex
611 4322 694 4376 diaria
717 4317 822 4388 uirgine
836 4330 882 4369 ua·

87 4435 158 4479 tum.
180 4424 272 4494 ipsum
291 4420 364 4476 enirn
375 4419 501 4489 lapidem,
516 4416 605 4475 idest,
618 4411 767 4470 Christum,
782 4403 880 4461 Daniel

86 4517 123 4572 de
133 4524 236 4579 monte,
250 4513 277 4568 id
296 4519 354 4576 εει,
368 4511 402 4566 de
417 4522 500 4578 regno
513 4505 667 4560 ludam-um
683 4501 742 4556 sine
755 4498 881 4554 manibus

85 4609 157 4663 sidit
171 4607 313 4677 praeeisum
328 4603 410 4678 (buu.
424 4600 467 4671 rr),
485 4598 547 4668 quia
571 4596 631 4652 siue
654 4606 736 4663 opere
757 4588 881 4659 nuptiali,

85 4699 135 4770 qui
149 4699 237 4769 gratia
249 4711 299 4751 sua
314 4694 473 4750 uuiversum
489 4687 618 4743 mundum
632 4682 762 4753 impleuit.

124 4789 283 4859 ilanlratjua
298 4784 452 4841 creationis.
474 4782 532 4837 lioc
554 4786 607 4842 cst,
620 4792 674 4831 non
698 4775 757 4828 siue
780 4770 884 4840 Spiritu
935 4823 941 4836 ,

85 4897 149 4938 eum
161 4878 325 4941 construxit,
338 4890 427 4944 neque
442 4887 475 4927 ει
495 4872 546 4926 bac
559 4875 685 4924 ereatura
701 4873 753 4927 εει,
764 4864 816 4916 boc
831 4868 882 4923 cst,

87 4988 146 5029 uon
167 4978 260 5026 estex
279 4969 323 5025 bis
344 4961 488 5026 creaturis,
504 4956 553 5016 scd
575 4953 706 5027 spiritalis
730 4967 765 5007 ea
781 4949 885 5020 Spiritu

88 5070 197 5123 numo.

126 5151 221 5224 Neget
232 5166 280 5222 per
296 5161 452 5219 congererem
470 5144 603 5199 hircorum
616 5149 661 5193 eut
676 5134 884 5198 catulorum,reu

87 5246 197 5320 propria
206 5245 335 5314 sunguine
346 5238 462 5296 introierit
475 5233 555 5292 semel
564 5234 592 5288 ira
603 5241 695 5286 sancta
706 5239 818 5294 eterno,
829 5232 884 5281 etc.

88 5340 188 5398 Omnia
214 5334 379 5409 permutauit
408 5330 542 5393 cbristus,
567 5325 613 5396 qrri
635 5339 690 5379 non
715 5321 821 5388 alieno,
836 5319 885 5376 sed

59 5483 65 5493 .
89 5430 201 5503 pmprio
213 5426 345 5499 sunguine
355 5421 440 5480 semei
452 5418 575 5476 introivit
595 5417 622 5471 iu
644 5421 754 5477 sanctu,
768 5412 819 5467 hac
832 5416 887 5477 cst,

90 5524 118 5578 in
130 5522 243 5586 coelum,
258 5529 285 5575 ει
295 5533 346 5589 per
358 5529 442 5571 unum
455 5514 763 5585 ingressumoeacrnam
777 5502 884 5559 redem-

89 5613 212 5687 pannem
224 5611 340 5669 inuenit.

125 5707 232 5771 sienim
238 5704 536 5780 mogeialrircorumuut
548 5709 684 5754 lastrorum
694 5702 717 5750 cl
727 5688 887 5748 eurisritaltt’

931 3596 1072 3638 servamus
1085 3581 1237 3636 castitatem
1252 3599 1258 3632 z
1271 3593 1355 3650 panes
1370 3594 1493 3650 azymos,
1512 3579 1536 3634 si
1556 3581 1584 3635 in
1602 3582 1646 3635 ria
1669 3583 1726 3637 siu-

931 3672 1053 3729 ceritatis
1064 3679 1091 3725 ct
1101 3669 1226 3726 ueritatis
1240 3670 1421 3725 ambulemus.

967 3787 1019 3854 Qui
1032 3804 1078 3860 per
1092 3785 1220 3858 Spiritum
1239 3794 1359 3841 sarratam
1383 3787 1550 3857 semetipsum
1571 3786 1664 3841 obtulit
1679 3787 1730 3842 im·

930 3879 1091 3934 naucularum
1107 3878 1172 3933 Dea.
1190 3876 1246 3933 llac
1257 3887 1317 3943 εει,
1329 3877 1493 3933 sacrificium
1510 3878 1727 3934 immaculatum.

930 3972 996 4026 Erat
1012 3970 1141 4024 mundum
1153 3985 1167 4022 a
1178 3968 1367 4038 peccauelroc
1380 3969 1453 4022 enim
1466 3975 1517 4032 εει,
1530 3983 1580 4038 ρει·
1593 3966 1726 4038 Spiritum

931 4070 1055 4118 sanctum
1070 4076 1187 4131 nanpcr
1206 4062 1307 4131 ignem,
1330 4075 1383 4114 non
1407 4073 1456 4132 per
1480 4060 1568 4114 aliena
1591 4058 1726 4129 quedam.

967 4171 1002 4228 Et
1027 4172 1161 4227 tradederit
1189 4172 1375 4225 caturciensium
1403 4178 1521 4224 nostram
1548 4173 1580 4222 ab
1607 4169 1729 4240 operibat

930 4270 1050 4333 mortuis,
1063 4268 1097 4321 ad
1111 4264 1274 4321 sarriendum
1298 4265 1351 4318 iba
1371 4264 1474 4318 uiuenti.
1497 4263 1548 4318 llic
1560 4261 1726 4331 manifestat,

931 4363 995 4434 quia
1016 4377 1097 4432 opera
1121 4367 1227 4414 mortua
1254 4356 1404 4421 babentes,
1424 4357 1508 4412 idest
1538 4368 1732 4427 peccata,uan

893 4444 1160 4526 Dpossuntscrrire
1174 4465 1241 4505 reru
1255 4458 1283 4504 ει
1305 4449 1367 4502 viro
1390 4449 1456 4503 Deo.
1484 4447 1560 4504 Sicut
1584 4448 1657 4503 cuim
1682 4447 1728 4518 qui

862 4588 868 4600 .
933 4556 1070 4602 mortuum
1083 4541 1212 4614 tangebat
1225 4540 1409 4612 polluebatur,
1421 4539 1461 4594 sic
1474 4547 1501 4593 ct
1521 4539 1567 4609 qui
1586 4546 1728 4610 peccatum

933 4647 1062 4707 operatur
1083 4635 1171 4702 magis
1190 4633 1328 4703 polluitur.
1346 4631 1480 4686 blartuum
1502 4633 1600 4702 quippe
1615 4640 1729 4700 tangore

934 4739 987 4795 cst,
1006 4745 1034 4782 rn
1055 4725 1176 4798 pcccatis
1199 4733 1335 4779 mortuum
1357 4723 1511 4792 quempiam
1526 4721 1567 4776 rol
1587 4720 1663 4792 sequi
1686 4720 1728 4775 rel

935 4822 1046 4879 amitari.

971 4938 1005 4993 m
1022 4937 1080 4992 ideo
1093 4934 1163 4989 Noui
1175 4931 1334 4987 Testamenti
1352 4929 1481 4985 mediator
1495 4937 1543 4993 eat,
1553 4937 1581 4981 ut
1595 4935 1677 4981 rtaottc
1690 4929 1728 4978 iu·

935 5038 1131 5092 terremtatem
1155 5024 1330 5094 rederuptiaue
1354 5037 1446 5076 eurum
1470 5018 1728 5090 prururieutiouum,

934 5136 992 5193 quae
1004 5127 1077 5172 eruat
1087 5116 1134 5170 sub
1143 5114 1228 5180 priore
1237 5111 1411 5174 Testamenta,
1424 5107 1647 5179 repromissionem
1659 5106 1732 5160 occi-

936 5209 1069 5284 pianeipu·
1084 5207 1167 5262 uocati
1181 5212 1365 5267 mittaturne
1378 5200 1549 5256 baereditatis.
1565 5198 1616 5253 iiie
1630 5197 1731 5252 medie·

937 5311 981 5359 tor
994 5300 1066 5355 filius
1079 5298 1169 5353 lactus
1189 5295 1329 5357 cstPatris
1342 5302 1370 5348 ct
1389 5302 1482 5348 uastcr
1498 5311 1504 5347 :
1526 5306 1665 5347 sermones
1679 5288 1729 5341 deu

936 5396 1008 5459 tulit,
1019 5400 1046 5449 et
1056 5390 1146 5447 attulit
1158 5389 1237 5444 nobis
1249 5387 1351 5442 aurare
1360 5399 1406 5455 pet
1416 5391 1613 5444 transvectores
1629 5395 1635 5432 :
1655 5392 1731 5432 mor·

937 5498 999 5545 tuus
1014 5493 1056 5540 cst
1067 5498 1117 5553 pro
1133 5479 1222 5543 nobis,
1238 5483 1266 5532 et
1287 5474 1351 5530 lecit
1369 5489 1419 5529 nus
1447 5472 1542 5543 digitos
1564 5463 1732 5528 testamenti,

937 5584 990 5638 hoc
1004 5577 1083 5634 nodo
1098 5573 1204 5629 ltrruum
1219 5567 1373 5626 factumest
1388 5569 1585 5622 testamentum.
