3794 6120
125 290 180 351 301
541 284 799 344 coctucaton'ss
817 284 850 341 tn
871 283 1061 342 aristoles
1080 284 1124 340 ET
1144 284 1352 346 scandatis.
1709 290 1764 349 toa

126 401 313 466 mandam
330 408 358 456 et
371 399 511 455 bominum
525 401 639 466 crearit,
654 402 702 455 sed
716 414 768 455 una
781 398 840 454 oris
854 407 919 454 tuno
932 401 957 460 Α
970 399 1008 453 eit
1022 398 1049 453 in
1066 397 1136 453 coelo
1154 399 1291 470 gaudiam,
1305 400 1415 471 quaudo
1427 400 1479 456 boc
1492 399 1564 470 quod
1583 401 1653 459 male
1669 409 1763 477 gessit,

125 495 223 568 periit,
237 492 347 564 quando
365 493 502 562 peccando
519 493 600 547 bomo
624 507 725 561 pascua
745 492 809 546 uitae
824 489 922 545 dereli·
973 503 1022 559 per
1034 488 1234 559 poenitentiam,
1248 490 1359 545 damnat
1372 491 1497 561 injustus.

127 586 200 658 quit.
208 582 418 639 bimisitautem
425 581 571 651 nonaginta
582 593 680 634 norem
689 594 753 634 ores
765 579 791 632 in
803 579 920 639 deserto,
1007 578 1059 632 tat
1073 594 1131 649 qao
1149 579 1244 633 mulier
1255 580 1352 635 babens
1369 583 1493 653 dropmoa
1512 584 1612 651 decem,
1633 589 1656 643 ai
1676 591 1764 660 perdi-

126 677 196 751 quia
220 674 283 730 illos
308 686 429 729 summos
455 671 613 740 angelornm
638 672 738 725 choros
763 668 872 737 reliquit
894 667 923 721 iu
972 667 1041 723 derit
1058 667 1196 739 dragmam
1213 686 1306 734 onom,
1322 679 1375 725 etc.
1396 672 1448 739 Qut
1464 673 1589 745 signatur
1606 692 1656 747 per
1670 690 1764 750 pasco.

127 767 211 824 emto.
244 763 301 819 Cur
323 770 416 818 autem
441 761 540 817 ccelum
564 761 700 816 desertum
723 769 847 824 vocatur,
871 759 922 813 nisi
972 756 1118 826 rem,ipse
1132 764 1160 811 et
1176 758 1397 826 permulierem,
1415 761 1558 830 ipseenim
1573 765 1654 831 Deus,
1668 768 1767 838 ipseet

128 857 354 931 qaoddesertum
368 854 471 909 dicitur·
485 853 654 908 derelictum.
673 852 749 907 Tunc
762 859 922 906 autemco-
974 846 1021 902 bei
1044 848 1188 916 sapientia,
1210 847 1273 917 quia
1299 848 1388 918 imago
1410 853 1570 922 exprimitur
1591 855 1618 911 in
1641 858 1763 930 dragma.

128 948 187 1006 hm
202 947 286 1003 homo
300 945 430 1009 deseruit,
445 958 506 999 cum
521 944 653 1013 peccarit.
672 943 702 997 ln
712 942 820 998 deserto
832 951 923 997 aurem
973 931 1069 988 liulier
1087 935 1226 1006 dragmam
1240 936 1359 1005 perdidit
1371 938 1479 1006 quaudo
1494 940 1586 1008 homo,
1605 946 1651 1014 qui
1670 947 1765 1001 eondi-

130 1038 280 1109 mggim,
291 1050 389 1090 110me
402 1049 467 1089 oves
480 1033 794 1103 remanseran1‚qugnd0
808 1034 835 1087 in
849 1041 922 1088 tegra
974 1031 1018 1079 tus
1031 1024 1064 1079 ad
1077 1025 1223 1096 imaginem
1234 1025 1282 1081 Del
1296 1024 1544 1097 fueriti,1leccilnd0
1558 1047 1574 1087 d
1588 1035 1766 1093 similitudine

130 1124 262 1182 bominum
276 1136 358 1177 unam
369 1123 517 1192 querebat,
532 1123 596 1192 quia
610 1123 779 1178 mtionabilis
792 1131 923 1178 creaturae
974 1117 1015 1172 sui
1033 1118 1183 1172 conditoris
1199 1118 1325 1197 ¹recessit.
1342 1117 1396 1173 Sed
1413 1123 1537 1177 accendit
1559 1125 1656 1180 mulier
1674 1127 1765 1182 lucer-

130 1229 275 1280 numerus,
288 1212 446 1283 angelorum
458 1213 583 1267 uidelicet
601 1221 627 1269 et
640 1213 792 1277 bominum,
811 1227 872 1281 quae
890 1211 924 1266 ad
974 1224 1048 1274 nam,
1067 1211 1130 1279 quia
1156 1210 1287 1280 sapientia
1311 1209 1358 1265 Dei
1382 1213 1508 1281 apparuit
1531 1215 1558 1269 in
1584 1217 1764 1275 humanitate.

130 1303 276 1361 videndum
292 1302 378 1357 boum
403 1303 511 1358 condita
529 1302 778 1374 iuerat,'pereunte
800 1303 922 1369 homine,
973 1299 1096 1355 Luoema
1108 1300 1207 1370 quippe
1227 1299 1317 1355 lumen
1335 1301 1363 1354 in
1380 1308 1450 1359 testa
1465 1313 1517 1359 est.
1539 1305 1642 1362 Lumen
1656 1323 1721 1364 voro
1737 1311 1766 1364 iu

130 1400 193 1451 orat
209 1392 422 1457 imminutus,·et
440 1399 469 1445 ut
487 1390 606 1461 perfecta
625 1407 731 1447 summa
744 1393 835 1448 orium
855 1392 924 1446 iute-
974 1398 1053 1455 testa,
1068 1399 1111 1447 est
1123 1391 1250 1446 divinitas
1265 1392 1292 1445 in
1306 1407 1400 1448 carne.
1416 1395 1537 1449 Accensa
1550 1403 1641 1450 autem
1654 1397 1766 1452 lucerna

131 1491 259 1558 grarettm
285 1483 313 1538 in
335 1482 417 1548 coelo,
443 1483 525 1537 bomo
552 1483 675 1553 perditus
700 1481 873 1552 querebatur
896 1482 924 1537 iu
973 1481 1206 1548 ererritdomum,
1221 1485 1284 1553 quia
1302 1500 1375 1549 mon,
1390 1496 1419 1540 ut
1431 1485 1489 1553 eins
1503 1487 1630 1542 divinitas
1644 1503 1691 1559 per
1703 1505 1766 1544 car-

133 1582 218 1633 iem,
974 1587 1036 1628 nem
1050 1573 1159 1639 claruit,
1172 1575 1262 1629 omnis
1277 1589 1307 1629 se
1322 1585 1415 1630 nostra
1431 1577 1598 1632 conscientia
1610 1581 1765 1647 concussit;

167 1685 204 1742 gg
224 1702 286 1741 w„
303 1686 430 1741 mmm
450 1684 525 1739 guam
543 1685 651 1756 pmpgnp
672 1685 700 1740 p„
719 1686 840 1740 pumero,
861 1701 924 1740 Μ,
974 1663 1071 1722 domm
1089 1680 1206 1734 namque
1224 1666 1371 1733 everritur,
1385 1683 1447 1724 oum
1466 1671 1685 1727 consideratione
1707 1689 1767 1730 rea·

130 1780 261 1854 mm·
272 1777 355 1833 ovem
372 1778 400 1832 5„
413 1778 534 1833 humeris
548 1777 685 1847 imposuit,
701 1778 764 1848 qui,
777 1777 923 1831 humanam
936 1763 961 1822 Β
975 1763 1018 1808 tus
1042 1754 1083 1809 sui
1104 1755 1223 1810 humana
1261 1758 1430 1813 conscientia
1452 1760 1638 1828 perturbatur.
1666 1763 1766 1819 Erersa

131 1878 260 1954 naturam
277 1869 428 1940 suscipiens
440 1878 552 1939 peccata
571 1878 665 1925 nostra
684 1870 741 1940 ipse
758 1872 886 1940 portauit.

974 1859 1039 1900 roro
1053 1846 1132 1901 domo
1146 1847 1283 1902 invenitur
1296 1847 1419 1919 dragma,
1434 1851 1496 1920 quia
1512 1850 1576 1905 dum
1590 1854 1767 1922 perturbatur

975 1936 1138 1991 conscientia
1153 1936 1281 2002 bominis,
1295 1948 1439 2017 reparatur
1452 1941 1479 1996 in
1494 1941 1603 1997 bomine
1616 1944 1765 2002 similitudo

167 1985 204 2040 Et
222 1985 325 2041 ueniens
344 1983 461 2047 domam,
480 1990 603 2037 conuocat
621 1983 729 2048 amicos,
744 1990 797 2037 etc.
814 1982 925 2037 inventa

131 2076 235 2142 moad
247 2074 358 2131 domum
378 2073 468 2139 rediit,
482 2072 546 2143 quia
567 2082 661 2143 pastor
682 2080 785 2137 noster,
800 2080 926 2143 reparato

131 2164 254 2237 bomine,
274 2165 310 2220 ad
333 2180 446 2237 rognum
469 2164 580 2220 coeleste
603 2162 694 2228 rediit,
710 2162 754 2217 ubi
774 2163 877 2217 amicos
899 2171 927 2217 et

132 2257 239 2314 vicinos
262 2257 381 2322 invenit,
406 2256 467 2313 illos
486 2256 613 2311 videlicet
635 2253 793 2325 angelorum
817 2254 925 2318 choros,

133 2348 182 2421 qui
203 2347 284 2403 amici
303 2347 361 2419 ejus
374 2357 446 2412 sunt,
462 2346 526 2417 quia
547 2346 713 2400 volumtatem
728 2345 787 2416 ejus
801 2345 927 2399 continue

134 2439 164 2496 iu
172 2454 221 2496 sua
232 2439 381 2495 stabilitate
390 2439 556 2495 custodiunt.
566 2438 653 2493 Vicini
665 2451 773 2508 quoque
785 2437 843 2507 ejus
853 2443 925 2500 sunt,

134 2530 200 2605 quia
222 2531 347 2587 claritate
369 2531 482 2586 visionis
505 2530 578 2585 illios
607 2544 655 2584 sua
680 2529 840 2584 assiduitate
862 2543 925 2598 per-

134 2620 275 2690 fruuntur,
296 2629 325 2679 et
340 2622 487 2677 nomadum
506 2620 579 2691 quod
599 2636 652 2676 non
670 2619 743 2675 dicat
758 2618 928 2689 congratula-

134 2713 203 2770 nini
217 2712 262 2769 ovi
276 2713 401 2777 iuventae,
416 2712 465 2767 sed
475 2711 552 2777 mihi,
568 2711 640 2782 quia,
658 2709 792 2775 videlicet,
813 2706 872 2778 ejus
886 2716 928 2764 est

134 2800 265 2875 gaudium
277 2801 331 2856 uita
347 2811 450 2867 nostra,
474 2807 578 2856 etcum
594 2815 644 2855 nos
660 2799 694 2854 ad
706 2798 805 2854 ooelum
823 2797 928 2854 reduci-

975 2025 1135 2080 conditoris.

1012 2110 1046 2171 dr
1057 2134 1116 2171 cam
1126 2119 1263 2186 inuenerit,
1274 2132 1399 2177 conuocat
1409 2126 1519 2191 anticos,
1531 2134 1582 2182 eto.
1598 2126 1664 2194 Quae
1675 2129 1768 2186 amioae

975 2203 1018 2258 rel
1032 2205 1146 2260 vicinae?
1169 2205 1222 2260 nisi
1240 2206 1293 2262 illae
1305 2219 1454 2277 potestates
1478 2222 1542 2268 sunt
1562 2216 1698 2283 caelestes,
1710 2215 1767 2286 jam

976 2296 1101 2365 superios
1114 2295 1203 2362 dictas,
1221 2312 1282 2367 quac
1302 2308 1378 2356 tanto
1398 2316 1521 2373 supernas
1541 2307 1679 2375 sapientiae
1689 2307 1768 2378 iuxta

977 2393 1051 2450 suot,
1069 2394 1171 2455 quanto
1194 2387 1219 2443 ei
1233 2403 1283 2458 per
1300 2392 1415 2462 gratiam
1429 2395 1566 2450 continuone
1585 2396 1697 2454 visionis
1721 2414 1770 2468 ap-

977 2475 1174 2546 propinquant;
1200 2479 1248 2533 sed
1270 2480 1428 2537 intuendum
1448 2499 1499 2539 eur
1519 2484 1571 2540 ista
1596 2487 1695 2542 mulier
1719 2487 1769 2543 de-

978 2579 1038 2620 cem
1051 2565 1177 2637 dragmas
1188 2568 1316 2625 babuisse
1324 2571 1491 2640 perhibetur.
1499 2573 1663 2645 Angelorum
1672 2578 1771 2647 quippo

979 2661 1007 2709 et
1026 2654 1165 2710 bominum
1181 2665 1307 2713 naturam
1316 2661 1350 2715 ad
1362 2664 1578 2732 cognoscendum
1597 2679 1627 2720 sc
1640 2667 1771 2724 Domims

979 2744 1109 2810 condidit,
1123 2759 1204 2815 quam
1218 2748 1281 2802 dum
1304 2750 1455 2806 consistere
1476 2751 1509 2807 ad
1530 2753 1711 2810 aeternitatem
1722 2769 1772 2811 vo-

979 2835 1040 2902 luit,
1058 2850 1118 2890 earn
1132 2837 1225 2907 procul
1238 2837 1322 2894 dubio
1335 2840 1369 2894 ad
1383 2855 1459 2896 suam
1476 2841 1679 2899 similitudinem
1694 2860 1771 2901 orea-

979 2924 1028 2980 rit.
1041 2923 1140 2978 Decem
1151 2939 1216 2980 sero
1228 2926 1354 2998 dragmas
1368 2928 1462 2984 babuit
1475 2930 1580 2997 mulier,
1594 2933 1658 3002 quia
1672 2949 1771 2991 novem

980 3021 1043 3071 sunt
1054 3011 1163 3068 ordines
1177 3014 1350 3085 augelomm;
1366 3017 1414 3073 sed
1428 3027 1457 3073 ut
1471 3019 1651 3090 compleretur
1668 3022 1771 3079 electo·

134 2907 208 2961 nor,
222 2892 420 2950 solemnitatem
434 2891 534 2947 laetitiae
545 2889 617 2946 illius
633 2889 785 2961 implemus.

171 3027 239 3085 Dies
260 3028 341 3093 sabia,
360 3027 430 3099 qaod
450 3027 489 3081 ito
509 3026 637 3098 gradium
658 3025 707 3081 crit
727 3024 754 3080 in
775 3023 849 3091 cocto,
871 3030 925 3082 sto.

135 3118 202 3176 atus
220 3119 256 3175 oe
272 3119 412 3177 murensis
432 3118 631 3188 permortuus,
647 3132 728 3188 quam
743 3119 776 3172 ae
793 3109 964 3174 sancituri}
979 3122 1191 3174 mmnumerus.
1206 3108 1423 3165 nonodecimus
1438 3119 1548 3168 creatus
1569 3116 1681 3185 estqui
1706 3130 1773 3172 con·

135 3206 220 3280 iastis
244 3205 373 3279 gaudium
398 3207 426 3261 io
449 3206 539 3272 ooelo,
564 3206 628 3276 quia
650 3204 810 3276 plerumque
832 3205 859 3260 iti
882 3205 929 3275 qui
980 3199 1062 3257 ditori
1074 3215 1134 3265 suo,
1146 3214 1196 3255 nec
1209 3208 1272 3270 post
1284 3200 1390 3271 cuipam
1402 3203 1495 3271 periit,
1508 3204 1571 3274 quia
1584 3205 1655 3262 hunc
1668 3214 1773 3262 :eterna

137 3297 220 3357 nullis
232 3312 265 3354 ss
273 3312 418 3369 oppressos
431 3305 603 3367 peccatomm
616 3295 731 3352 molibus
742 3297 844 3361 sciunt,
857 3303 931 3351 stam
979 3289 1112 3363 sapientia
1124 3304 1173 3359 per
1188 3305 1299 3346 carnem
1311 3291 1449 3346 miraculis
1464 3308 1609 3351 coruscans
1621 3311 1655 3351 ex
1669 3296 1772 3354 lomim

138 3389 249 3461 videm
271 3387 355 3444 inuia
370 3386 495 3456 iustitiae,
507 3387 580 3442 nulla
596 3387 688 3443 illicita
702 3394 871 3458 perpetrant,
883 3387 930 3442 sed
980 3388 1057 3437 testor
1070 3381 1216 3452 reparavit.
1284 3448 1296 3465 .

139 3488 232 3537 umus
257 3479 291 3535 ad
315 3479 455 3534 ooelestem
474 3479 591 3549 patriam
609 3479 690 3534 anxie
707 3494 761 3534 non
784 3478 930 3544 anhelant,
1015 3469 1059 3526 1¹⁰
1078 3470 1137 3525 ὀίω
1159 3470 1242 3536 vobit,
1263 3471 1390 3541 aaudiat!
1410 3473 1459 3526 erit
1481 3489 1569 3528 comm
1592 3474 1702 3545 angelis,
1715 3485 1770 3533 eto.

139 3576 271 3640 tutoque
282 3569 335 3624 sibi
352 3568 380 3623 in
395 3569 477 3624 rebus
491 3568 573 3623 licitis
590 3584 668 3624 usum
682 3570 813 3639 praebeut,
828 3575 931 3638 quanto
981 3561 1171 3637 Poeuitentiam
1184 3576 1274 3633 agere,
1290 3572 1332 3617 0⁸²
1343 3571 1370 3617 θῑ
1382 3571 1537 3634 perpetrm
1552 3564 1620 3620 mila
1632 3566 1772 3640 Plangere,

88 3694 91 3702 ,
140 3669 356 3734 ”meminsse
368 3659 462 3716 lilioli&
474 3660 547 3715 nulla
565 3661 931 3734 meminemni‚01plgpum.
980 3658 1009 3706 et
1024 3651 1173 3721 plangentia
1191 3668 1245 3707 tlon
1265 3660 1432 3722 perpetrare.
1453 3652 1527 3708 Natta<
1538 3656 1584 3724 qui
1603 3656 1643 3712 Sic
1660 3657 1712 3712 alia
1726 3659 1773 3714 do·

141 3766 196 3825 ῃο
212 3751 285 3823 pigri
308 3757 450 3806 remanent
473 3751 508 3805 ad
528 3751 679 3805 exercenda
702 3752 771 3806 bona
784 3751 929 3820 praecipua,
980 3744 1080 3814 plorat,
1095 3752 1125 3798 ut
1140 3744 1294 3799 tameualia
1308 3747 1470 3812 committat,
1485 3747 1772 3819 adhucpocuitentiam

140 3840 205 3913 qma
228 3840 310 3896 valdo
333 3839 422 3896 securi
447 3846 527 3904 sunt,
553 3839 626 3908 quod
649 3838 721 3893 nulla
744 3839 932 3895 commiserint
982 3849 1063 3907 agere
1085 3842 1134 3890 aut
1157 3834 1281 3907 ignorat,
1304 3844 1351 3891 aut
1373 3836 1533 3893 dissimulat.
1558 3838 1628 3906 Quid
1652 3842 1725 3897 enim
1749 3842 1773 3898 si

142 3930 214 3991 mala
226 3930 365 4003 graviora.
379 3929 415 3985 tt
424 3939 519 3986 contra
535 3945 727 4000 nonnunquam
738 3931 766 3985 hi
780 3931 826 4001 qui
840 3946 870 3986 se
883 3930 932 3986 ali·
981 3932 1092 3996 peccata
1106 3925 1168 3996 quis
1188 3925 1302 3981 luxuriae
1322 3925 1429 3993 debeat,
1446 3935 1474 3982 et
1492 3936 1582 3984 tamen
1607 3929 1694 3986 adhoc
1708 3947 1773 3986 aua-

142 4034 197 4092 qua
215 4019 312 4076 illicita
330 4020 419 4092 egisse
437 4021 629 4086 meminemnt,
642 4035 676 4075 er
696 4021 756 4090 ipso
776 4036 825 4077 suo
840 4021 933 4078 dolore
982 4016 1051 4071 ritiae
1067 4017 1177 4072 astibus
1199 4016 1324 4080 anhelat,
1338 4026 1385 4082 aut
1398 4016 1463 4087 quid
1476 4017 1596 4086 prodest,
1611 4018 1634 4072 si
1653 4020 1700 4074 ime
1714 4019 1772 4075 oul-

142 4110 313 4184 oompuosti,
324 4110 500 4166 inardescunt
512 4111 546 4166 ad
558 4124 678 4165 amorem
691 4111 758 4175 liei,
775 4125 889 4180 seseque
904 4112 931 4166 in
982 4106 1096 4175 basiam
1111 4105 1209 4177 lugeat,
1232 4114 1260 4159 et
1275 4114 1364 4161 umen
1378 4107 1465 4161 adbuc
1483 4106 1593 4161 invidiae
1609 4107 1714 4164 facibus
1729 4117 1771 4164 ta·

144 4202 251 4274 nagnis
270 4199 416 4256 uirtutibus
436 4207 575 4254 exercent.
592 4199 676 4271 lingis
699 4214 763 4271 ergo
780 4198 815 4255 de
833 4214 930 4269 pecca-
982 4195 1085 4251 bascat.
1107 4193 1160 4249 Sed
1178 4195 1268 4249 minus
1286 4203 1328 4249 cst
1346 4194 1426 4250 ualde
1445 4194 1517 4265 quod
1536 4194 1662 4262 dicimus,
1678 4207 1708 4252 ut
1726 4201 1772 4269 qui

146 4303 204 4351 tore
220 4305 365 4357 converso,
380 4306 461 4361 quam
480 4291 513 4346 de
529 4297 618 4345 stante
630 4290 704 4359 justo
718 4291 845 4362 gaudium
861 4291 891 4344 lit
905 4290 932 4344 in
982 4294 1094 4357 peccata
1105 4285 1227 4356 deplorat
1241 4286 1373 4356 plorando
1394 4286 1506 4342 minime
1519 4288 1681 4343 committat.
1703 4290 1771 4347 Nam

146 4384 226 4451 eaelo,
241 4383 306 4454 quia
321 4390 350 4438 et
366 4382 420 4437 dux
434 4382 462 4436 in
478 4381 581 4452 praelio,
598 4382 658 4452 plus
670 4397 732 4438 cum
747 4381 858 4436 militem
872 4382 933 4437 dili·
984 4378 1156 4450 cogitandum
1171 4392 1341 4451 summopere
1353 4385 1406 4442 est,
1421 4385 1450 4433 ut
1463 4378 1509 4450 qui
1528 4395 1556 4435 se
1570 4378 1664 4436 illicita
1678 4384 1774 4438 memi-

146 4473 196 4546 glt,
207 4470 430 4544 qnipostiugam
445 4485 572 4526 reuersus
584 4472 690 4526 lrostem
704 4471 811 4527 fortiter
822 4472 931 4542 premit,
946 4457 1027 4526 Dnit
1044 4470 1223 4536 oommisisse,
1242 4486 1257 4525 a
1276 4470 1437 4541 quibusdam
1457 4472 1540 4528 etiam
1564 4471 1646 4529 licitis
1667 4475 1776 4530 studeat

148 4576 228 4632 quam
252 4562 328 4617 ilium
354 4563 400 4632 qui
423 4576 561 4630 nunquam
585 4569 661 4634 terga
679 4560 805 4632 praebuit,
823 4570 934 4616 etnnn·
986 4559 1133 4625 abstinere,
1148 4567 1281 4631 quatenus
1298 4574 1347 4630 per
1372 4560 1423 4617 hoc
1441 4562 1575 4617 conditori
1597 4577 1646 4618 sno
1666 4563 1775 4620 satista-

130 4676 136 4685 ·
150 4666 228 4723 gum
241 4650 344 4721 aliquid
357 4650 464 4708 tornaci
476 4650 549 4707 lecit.
566 4650 619 4706 Sed
635 4651 706 4704 inter
723 4651 781 4705 haec
794 4649 933 4705 sciendum
985 4651 1051 4717 ciat,
1064 4656 1095 4703 ut
1106 4650 1151 4720 qui
1175 4650 1310 4706 commisit
1321 4640 1467 4720 prohibita,
1487 4652 1646 4725 sibimetipsi
1669 4655 1776 4711 abacia·

153 4750 202 4808 ιιι,
214 4741 279 4814 quia
298 4751 363 4799 suut
376 4742 499 4813 plerique
509 4743 576 4814 justi
590 4743 618 4798 in
630 4744 746 4812 quoram
756 4742 812 4796 uita
830 4750 935 4796 tantum
987 4743 1052 4800 dere
1064 4743 1160 4800 debeat
1174 4743 1255 4798 etiam
1270 4745 1423 4800 commissa.

157 4833 386 4908 optumam
401 4834 935 4906 eraqumnerpaoemmmpoenranua
1058 4852 1268 4909 amnonius
1293 4855 1316 4911 u
1340 4854 1428 4911 rosr
1446 4854 1706 4912 runrcoosmn.

160 4926 268 4996 Wffli
284 4925 439 4982 ”fluuium
456 4926 553 4996 1)(ιεὸἰι
577 4925 646 4981 ΝΜ
667 4925 744 4980 mum
758 4932 785 4979 0⁸
799 4924 934 4981 ”numum
990 4960 1086 5001 cronio
1104 4961 1239 5002 rrrsrocrs
1258 4962 1336 5002 sorra
1355 4963 1433 5010 ,ιιιιιι
1450 4963 1576 5004 ιιοετοιι
1594 4965 1627 5003 nn
1645 4963 1778 5013 soranos,

165 5014 550 5082 tibimalorumsunteouscii,
563 5024 592 5072 et
606 5025 696 5072 umen
711 5016 739 5070 in
754 5015 822 5069 tanti
835 5015 943 5070 ardoris
1318 5033 1376 5072 cte.
1397 5032 1456 5075 rrrr.

167 5102 295 5164 abicoouc
308 5123 338 5164 sc
351 5115 481 5173 exerunt,
497 5108 565 5163 acsi
581 5107 699 5179 peccans
716 5107 841 5161 omnibus
859 5120 943 5175 angu-
1028 5122 1038 5155 ι
1061 5105 1192 5161 Existimo
1206 5107 1278 5162 enim
1294 5106 1365 5175 quod
1380 5120 1432 5160 non
1446 5114 1510 5162 sunt
1524 5107 1664 5179 condignas
1675 5109 1781 5178 passio-

168 5201 266 5254 matur.
280 5198 385 5258 Quota
396 5199 480 5255 etiam
496 5199 572 5254 licita
584 5205 725 5269 respuunt,
739 5200 773 5252 ad
787 5197 942 5266 despectum
993 5214 1003 5246 ι
1026 5209 1075 5250 nes
1092 5194 1173 5263 hrrjus
1188 5196 1317 5265 temporis
1337 5194 1370 5249 ad
1392 5193 1511 5251 laturam
1530 5196 1641 5269 gloriam
1662 5213 1722 5267 qnae
1737 5211 1781 5251 rc·

88 5274 92 5315 t
170 5289 247 5345 bladi
259 5290 412 5346 sublimiter
428 5291 619 5361 accinguntur,
634 5289 760 5344 lamentis
773 5287 899 5360 gaudent,
916 5287 943 5342 in
995 5304 1004 5338 ι
1026 5286 1160 5342 relabitur
1172 5287 1199 5340 in
1213 5286 1301 5341 nobis.
1324 5285 1391 5341 Nam
1403 5289 1571 5359 exspectatio
1589 5293 1721 5344 creatora
1739 5299 1784 5340 re·

170 5382 258 5438 mactis
274 5383 435 5452 semetipsos
447 5381 599 5445 humiliant,
615 5389 642 5435 et
655 5381 727 5437 sicut
743 5379 864 5434 nonnulli
878 5393 941 5448 pec-
996 5394 1006 5427 ι
1028 5376 1190 5431 relationem
1210 5376 1327 5431 illiorum
1339 5378 1388 5433 boi
1411 5386 1559 5449 exspectat.
1574 5374 1695 5432 Vanitati
1709 5372 1782 5428 enim

171 5471 221 5522 0¹¹¹
238 5485 357 5542 operum,
373 5472 414 5528 sic
434 5471 484 5541 ipsi
505 5480 617 5541 peccata
639 5470 833 5542 cogitationum
851 5469 941 5539 deplo-
997 5486 1007 5519 ι
1029 5475 1154 5522 creatura
1169 5463 1287 5534 subjecta
1303 5476 1344 5523 est
1356 5485 1409 5524 nou
1420 5469 1523 5534 rolens,
1539 5466 1586 5523 sed
1598 5471 1709 5535 propter
1720 5477 1782 5518 eum

172 5560 231 5613 ltot
245 5559 312 5619 ilinc
325 5576 392 5634 orgo
406 5561 586 5632 colligendum
600 5569 653 5626 est,
667 5569 799 5631 quantum
810 5560 867 5617 beo
878 5576 942 5633 gau·
998 5580 1007 5615 ι
1031 5560 1077 5631 qui
1091 5560 1207 5631 subjecit
1220 5575 1280 5616 eam
1296 5560 1324 5616 in
1340 5542 1397 5632 spe,
1414 5561 1477 5630 quia
1493 5559 1594 5628 etipsa
1608 5560 1733 5611 creatura
1750 5552 1785 5610 ii·

173 5635 234 5703 dium
251 5654 341 5716 iaciat,
354 5644 463 5721 quando
478 5650 616 5707 humiliter
629 5650 730 5723 plangit
747 5649 847 5719 iustus,
864 5651 888 5707 si
904 5649 944 5706 ia·
999 5673 1011 5706 ι
1032 5651 1171 5708 berabitur
1192 5666 1208 5705 a
1225 5652 1355 5706 servitute
1378 5647 1558 5719 corruptionis
1582 5646 1609 5701 in
1627 5643 1784 5700 libertatem

356 5749 493 5808 Parnon.
518 5744 583 5806 Cli.
1547 5739 1590 5800 t‘l
