3810 6120
135 257 204 315 ιιιι
360 227 369 237 ’
699 247 827 320 neuton
846 241 1026 304 teuteusts
1045 238 1195 297 eristun
1686 237 1758 294 utu

133 374 269 424 uetustate
281 371 450 433 consumpta,
464 361 586 417 incendio
598 362 695 417 dentur
708 379 715 415 :
727 359 853 431 quoniam
864 370 918 411 non
933 359 958 415 Α
970 349 1103 407 Similiter
1115 359 1142 404 et
1159 347 1255 418 reiiqni
1267 345 1366 418 papnii,
1380 345 1496 418 ntajores
1509 347 1612 403 setiieet
1626 355 1653 404 et
1668 347 1760 403 mino·

134 457 198 515 iicet
210 474 242 513 eu
257 471 316 524 quae
336 456 362 509 in
373 452 495 509 sacrario
510 453 622 515 fuerint,
640 451 711 507 mute
725 449 845 512 tractari,
870 445 920 501 sed
970 457 1014 497 tes
1026 458 1076 512 per
1088 440 1291 509 ejttstieeutiatu
1303 440 1431 510 quidquid
1446 440 1579 511 agendum
1598 447 1643 493 est
1661 446 1756 508 agant,

133 548 259 607 tnoenrtto
274 544 559 600 uniuersatradantur.
573 541 685 599 Cineres
697 555 804 611 qnoque
824 551 917 594 eorum
969 547 1019 589 nee
1031 532 1090 588 siue
1109 531 1167 600 ejus
1182 530 1314 602 pennisso
1337 545 1353 584 a
1375 546 1424 586 sna
1447 530 1574 600 parochia
1594 530 1758 596 abscedant,

134 637 162 695 itt
180 636 368 707 baptisterium
390 633 550 698 inferantur,
565 632 611 689 uiri
624 629 714 687 nntius
727 630 856 687 trattsittts
870 627 918 682 ita-
968 636 1018 678 noc
1035 622 1062 676 in
1077 637 1108 677 ea
1122 621 1298 678 adventantes
1321 620 1424 678 morari
1449 631 1626 691 presumant.
1651 621 1760 677 Anium

133 727 240 790 beatur,
256 735 303 780 aut
312 725 342 800 in
364 724 476 795 pariete,
495 732 542 777 aut
563 723 590 778 in
610 721 690 777 fossis
703 722 917 792 puuintentorum
967 727 1032 768 uero
1058 727 1152 769 eorum
1179 712 1204 768 ei
1229 711 1340 768 credite
1365 720 1428 771 sunt
1453 730 1458 764 :
1486 710 1547 767 ideo
1574 711 1667 768 omitia
1696 709 1760 782 ejus

129 812 281 884 iactentur,
308 829 343 868 ne
368 813 560 868 introeuntium
591 812 703 883 pedibus
734 808 916 881 inquinentur.
967 801 1081 861 oonsilio
1092 818 1172 873 agere
1185 803 1295 868 deitent,
1310 810 1385 859 etoo
1400 799 1550 858 inconsulto
1567 802 1647 857 nihii

132 905 222 962 Pelias
233 920 297 962 uero
310 913 337 963 et
348 904 407 961 teia
427 920 488 974 qnae
501 905 528 959 is
550 905 696 961 sanctuarii
710 903 847 961 sordidata
860 900 909 957 fue
1339 914 1373 971 tt

131 993 188 1050 rint
212 993 372 1058 ministerio,
396 994 502 1050 diaconi
525 1010 587 1051 entn
614 994 762 1051 itunuiiitus
785 992 917 1052 ministris
968 1001 1045 1068 Quod
1069 1002 1357 1078 omuidur'iuptirmuru
1378 1005 1509 1074 percipere
1523 1005 1757 1063 rienecerraritrn.

132 1082 203 1139 intra
217 1082 365 1138 sacrarium
380 1082 479 1149 iuvent,
495 1098 548 1138 non
559 1084 697 1155 ejicientes
712 1081 785 1137 foras
798 1098 812 1136 u
827 1096 917 1138 saera-
967 1093 1017 1166 (px
1033 1093 1146 1166 epistota
1161 1092 1191 1147 Β.
1206 1092 1353 1149 clementis
1370 1108 1455 1163 pape,
1467 1095 1519 1151 scri
1541 1104 1567 1149 ta
1578 1092 1693 1151 tutiore
1704 1094 1756 1153 Ju-

131 1170 315 1227 riouoiamina
330 1172 475 1229 Dominieac
487 1189 597 1236 mense,
614 1188 648 1228 ne
671 1172 740 1228 forto
753 1172 839 1242 pulvis
862 1171 915 1225 Do·
1122 1163 1205 1228 liano,
1220 1170 1247 1218 et
1267 1111 1577 1233 retiqutscousotauine
1600 1194 1604 1203 ·

131 1266 224 1321 miniei
239 1265 360 1337 corporis
373 1264 442 1320 tnaie
454 1266 570 1331 decidat,
589 1264 708 1337 syndone
730 1262 796 1319 foris
816 1262 914 1326 delata,
1002 1253 1065 1308 Sive
1082 1254 1155 1308 cuitu
1178 1253 1269 1324 justus
1283 1253 1329 1319 sit,
1353 1254 1410 1309 site
1433 1250 1564 1321 injustus,
1588 1249 1757 1324 baptismum

130 1363 159 1411 et
175 1355 228 1412 erit
242 1356 292 1409 hoc
305 1356 427 1424 operanti
442 1364 580 1425 peceatum
596 1373 602 1408 ι
618 1354 720 1410 ideirco
743 1353 769 1408 in
796 1352 916 1408 sacrario
964 1359 1014 1415 pet
1024 1343 1114 1399 omniu
1128 1345 1312 1401 necessarium
1319 1353 1373 1400 est.
1392 1341 1470 1401 tusto
1487 1344 1609 1415 quidem,
1623 1353 1654 1400 ut
1667 1346 1756 1401 adim·

130 1445 261 1500 mittistris
272 1443 441 1513 precipimus
455 1460 516 1500 cnm
530 1445 667 1514 diligentia
678 1443 822 1499 ettstudire.
835 1442 916 1499 Paiiec
965 1434 1070 1505 plentur
1079 1435 1105 1490 in
1118 1452 1150 1491 eo
1161 1432 1304 1507 perfectio,
1320 1442 1347 1490 θῑ
1367 1443 1540 1507 recederetur
1555 1435 1611 1490 neo
1627 1453 1634 1490 τ
1654 1434 1757 1505 injusto

131 1535 159 1591 in
174 1535 225 1589 otia
240 1535 315 1606 petre
328 1535 462 1599 tutentur,
472 1543 499 1589 et
511 1535 537 1589 in
551 1535 602 1589 aiio
617 1535 685 1589 ueta.
966 1536 1066 1589 ιιιιιιι,
1091 1533 1120 1580 nt
1142 1533 1315 1595 preceptorum
1330 1540 1390 1596 qum
1409 1524 1492 1596 gessit
1506 1525 1634 1583 remissio
1656 1542 1756 1583 eonce-

501 1645 543 1700 ffl·
967 1614 1056 1670 datur.
1341 1685 1349 1698 ,

929 1691 953 1753 B
1328 1682 1382 1740 tif.

1052 1773 1204 1846 Baptizatur
1218 1775 1250 1830 ed
1265 1776 1382 1848 episcopo
1405 1777 1557 1849 cousiputtrr‘
1567 1775 1664 1834 dedere,

1170 1864 1248 1936 (item
1260 1879 1293 1922 ex
1304 1867 1398 1922 eadem
1408 1867 1547 1937 epistota.)

301 1733 359 1799 Quo
373 1734 429 1789 ioco
441 1734 596 1790 erietruudu
607 1734 640 1788 sit
651 1736 741 1789 mirre.

129 1827 179 1902 (ex
196 1824 307 1896 epistota
321 1825 466 1880 Cietnentis
478 1827 602 1880 ontnibns
620 1827 762 1896 episeopis,
776 1827 917 1897 prestqte·
960 1868 964 1875 .

351 1896 404 1958 ris,
419 1895 575 1951 diaeottiiuts
589 1896 693 1968 inissa.)

166 1984 213 2041 iiic
231 2001 304 2058 ergo,
318 1986 369 2041 hoc
380 1995 432 2049 est,
447 1982 474 2040 in
487 1985 613 2056 presenti
627 1986 681 2038 uita
697 1986 801 2055 positos
810 1992 917 2055 oportet
1001 1978 1133 2038 Omnibus
1147 1996 1213 2054 erqo
1226 1980 1406 2037 festinandum
1420 1983 1534 2038 estsine
1548 1996 1621 2037 ntora
1643 1985 1751 2038 renasci

128 2091 177 2147 uos
191 2090 337 2148 agnoscere
356 2073 521 2131 uoluntatem
541 2075 657 2139 Dotniui,
674 2075 718 2130 uiti
732 2083 759 2130 et
781 2074 876 2146 agendi
890 2082 918 2131 et
967 2069 1033 2134 Deo.
1057 2078 1085 2126 et
1113 2070 1221 2127 demum
1244 2071 1397 2143 consignari
1422 2068 1456 2126 ab
1484 2073 1622 2145 episcopo,
1645 2074 1672 2130 id
1698 2083 1753 2139 est,

130 2253 211 2309 ficare
221 2264 248 2309 et
260 2257 356 2309 missas
368 2256 505 2312 celebrare
517 2272 569 2310 non
582 2257 653 2320 iicet,
662 2258 712 2312 nisi
721 2258 747 2312 in
760 2257 802 2312 itis
814 2258 840 2312 in
855 2257 915 2326 qui-
966 2251 1088 2306 incertus
1099 2259 1142 2305 est
1152 2249 1362 2325 uniuscnjusque
1373 2253 1464 2305 esitus
1475 2252 1547 2307 vitae.
1571 2254 1640 2308 Cum
1663 2263 1755 2310 autem

129 2343 181 2398 bus
205 2345 348 2415 episeopus
374 2347 500 2416 proprius
519 2347 641 2416 iusserit.
666 2357 714 2403 aut
727 2348 764 2402 att
788 2348 917 2417 episeopo
967 2348 1144 2413 πιιςιιιιιιιιιι
1157 2341 1237 2399 fuerit
1247 2357 1297 2412 pet·
1318 2357 1429 2412 aquam,
1442 2352 1472 2399 ιι
1480 2346 1655 2413 pommodum
1674 2347 1760 2416 septi-

128 2433 289 2503 requiariter
313 2436 446 2499 ordinato,
476 2444 584 2491 tenente
608 2436 732 2491 rideticet
762 2437 915 2500 ciuitatem,
967 2433 1062 2491 formis
1075 2433 1193 2506 Spiritus
1209 2435 1296 2505 gretia
1320 2435 1503 2505 abepiscopo,
1523 2443 1553 2489 ut
1571 2444 1755 2491 memoratum

128 2536 301 2583 eottseerotns
313 2528 403 2583 fuerit.
419 2528 504 2584 Aliter
514 2531 585 2585 enint
599 2547 651 2585 non
665 2530 914 2602 snnthaecaqendaq
965 2531 1017 2589 est,
1034 2524 1218 2588 confirmatus,
1233 2525 1296 2594 quia
1309 2524 1389 2578 aliter
1403 2525 1607 2594 perfeetnsesse
1624 2518 1757 2582 Christia-

128 2617 241 2673 necrite
260 2618 430 2675 celebranda.
967 2631 1018 2671 nus
1045 2631 1216 2686 nequaquant
1239 2617 1350 2686 poterit,
1374 2632 1425 2672 nec
1447 2615 1538 2672 sedent
1562 2618 1663 2674 itabere
1689 2619 1758 2675 inter

498 2709 540 2765 fif.
920 2720 923 2724 '
963 2704 1101 2797 perfectos
1122 2706 1181 2762 sine
1201 2708 1379 2774 necessitate,
1400 2710 1447 2764 sed
1467 2710 1570 2765 intutus
1589 2720 1637 2765 ant
1663 2712 1759 2768 rotun-

271 2799 308 2854 De
321 2800 465 2854 attenteque
481 2801 624 2881 extraema
639 2803 789 2877 eptgcopp„
861 2854 873 2861 ..
908 2832 914 2867 .·
965 2802 1022 2853 ttte
1033 2794 1208 2863 remanserit,
1221 2805 1251 2851 ut
1261 2796 1361 2853 ιιιιιοιι
1373 2799 1444 2866 quod
1459 2814 1474 2852 a
1489 2797 1571 2852 Petro
1590 2800 1756 2870 accepimns,

220 2887 269 2959 (Ex
289 2889 382 2944 eadem
395 2890 506 2959 epistota
522 2891 551 2944 tt.
571 2889 718 2948 Clementis
731 2884 828 2964 pupae.)
896 2956 898 2961 1
965 2878 993 2944 “ei
1008 2882 1098 2945 caeteri
1112 2888 1199 2945 saneti
1211 2884 1326 2960 spostott
1347 2890 1519 2959 precipiente
1531 2889 1645 2945 Dounino
1657 2891 1756 2946 docue-

169 2976 249 3034 i'oitis
263 2980 308 3049 qui
322 2977 473 3045 succutotto
488 2981 593 3037 Domini
614 2983 755 3055 fungimini
771 2994 799 3039 et
815 2986 841 3039 in
856 3002 916 3056 spe·
965 2983 1046 3048 Ιιιιιιις
1065 2990 1093 3038 et
1110 2974 1217 3038 demum
1230 2982 1401 3051 exoperibus
1420 2983 1499 3037 bottis
1524 2983 1652 3038 ostendat
1679 2984 1708 3038 in
1728 2996 1757 3039 se

128 3067 189 3124 culo
209 3069 275 3123 estis
287 3069 376 3139 positi,
390 3069 450 3140 pins
463 3071 532 3127 seire
542 3081 658 3143 oportet,
679 3085 707 3129 nt
725 3076 847 3132 subditos
869 3094 916 3133 vo
969 3070 1174 3128 similitudinem
1190 3071 1247 3141 ejus
1260 3073 1306 3143 qui
1318 3087 1378 3127 euru
1393 3073 1485 3142 petiuit
1494 3075 1590 3142 patris.
1615 3075 1681 3130 Post
1701 3077 1757 3131 hae

128 3158 171 3213 bis
184 3159 297 3229 pupulos
316 3160 431 3229 pleniter
452 3163 549 3219 doecre
569 3165 689 3234 possitis,
713 3168 806 3236 eisque
821 3166 854 3222 ad
877 3185 917 3224 ro·
966 3179 1032 3219 tero
1046 3174 1176 3236 agnoscat
1195 3165 1279 3222 Deutn
1303 3166 1438 3221 honorare
1456 3183 1463 3219 ε
1480 3168 1567 3221 honor
1587 3176 1678 3222 autent
1702 3165 1760 3238 ejus

129 3265 181 3319 qna
205 3250 335 3305 cetorum
360 3252 485 3308 ducatum
495 3256 615 3325 praebere
641 3256 756 3319 pomino
780 3269 916 3320 annuente
957 3265 1019 3322 est,
1034 3266 1064 3313 ut
1075 3259 1113 3313 ita
1135 3258 1220 3325 uitat.
1233 3258 1304 3315 sient
1316 3257 1362 3315 iiie
1373 3257 1444 3324 uuit;
1472 3259 1529 3314 uruit
1542 3269 1631 3316 autem
1659 3277 1759 3317 unttnt·

130 3338 242 3395 ualeatis
269 3359 275 3394 :
299 3341 369 3397 unde
389 3351 416 3397 et
437 3344 494 3412 ipsa
511 3360 559 3415 per
578 3361 607 3401 se
625 3348 731 3404 Veritas
753 3350 814 3404 ait:
839 3350 916 3407 i'oba‘r
966 3364 1102 3420 quemque
1130 3350 1168 3404 ita
1198 3350 1310 3415 uiuere,
1337 3358 1366 3404 ut
1390 3351 1564 3406 homicidium
1592 3361 1620 3408 et
1652 3354 1759 3409 aduite-

129 3429 221 3484 tfutum
245 3441 282 3485 ert
296 3449 370 3487 noete
383 3436 533 3503 mysterium
549 3437 621 3508 requi
631 3438 690 3505 Dei,
704 3442 804 3496 ceteris
828 3453 916 3497 nutem
967 3438 1037 3494 tinto
1059 3441 1172 3506 neseiat,
1184 3441 1277 3496 odium
1303 3451 1332 3495 et
1355 3442 1497 3496 auaritiam
1511 3441 1605 3513 fugiat:
1618 3444 1697 3506 icant,
1710 3460 1757 3498 stt·

128 3523 156 3576 iu
169 3523 314 3593 puruboiir,
329 3526 480 3596 etreliqua.
500 3526 626 3583 Vestrum
639 3547 662 3584 et
674 3530 711 3585 itn
725 3534 770 3604 qui
784 3535 916 3605 legatione
966 3528 1097 3600 peritiam,
1111 3529 1270 3598 jactantiam
1284 3540 1405 3601 respuat,
1420 3541 1448 3586 et
1460 3547 1614 3597 execrentur,
1626 3533 1758 3588 insidiam

131 3611 236 3667 dontini
255 3612 406 3685 fungimini,
420 3625 462 3669 est
485 3617 582 3672 docere
606 3620 729 3690 poptdos,
744 3640 837 3678 erutun
851 3639 917 3679 uero
966 3635 1075 3693 quoqne
1099 3629 1126 3678 et
1147 3620 1309 3678 euentus
1332 3623 1431 3678 sintitta
1452 3625 1561 3695 penitus
1582 3641 1599 3680 a
1624 3640 1656 3681 se
1679 3626 1761 3682 duest

128 3711 170 3759 est
180 3704 255 3758 uobis
270 3705 379 3759 obedire
392 3712 421 3759 nt
435 3707 499 3761 Deo.
525 3707 553 3762 Si
571 3718 661 3764 autent
687 3713 765 3768 trobis
779 3715 916 3785 episeopis
966 3712 1064 3769 atiena.
1209 3717 1216 3725 '
1430 3718 1433 3723 '

129 3808 182 3846 nitu
191 3791 342 3848 obedierint
352 3809 445 3851 omnes
458 3797 618 3868 presbyteri,
639 3801 755 3867 diaconi,
769 3818 802 3858 ae
811 3805 917 3859 subdia·
1333 3782 1399 3839 Wi-

128 3881 200 3945 enni,
228 3889 256 3936 et
282 3881 378 3953 reliqui
404 3884 508 3949 ιιεήρῑ,
531 3902 679 3959 omnesque
704 3891 839 3962 principos
861 3903 916 3949 qam
1013 3874 1220 3969 ΙΩιιιίιιιιιιίιιιι
1234 3893 1310 3946 aque
1329 3876 1519 3947 inptismured
1532 3877 1708 3935 petentum.

130 3968 240 4038 turnioris
262 3970 365 4027 ordinis
379 3986 459 4042 quatu
489 3982 517 4029 et
543 3975 689 4043 inferioris,
713 3989 795 4050 atque
821 3981 916 4052 reiiqni
938 3990 946 4004 ·
1166 3965 1243 4038 (stem
1259 3968 1398 4023 ⁰¹0&OE
1413 3968 1553 4038 ⁰95⁵th

129 4062 231 4132 popuii,
246 4063 343 4139 tritus,
359 4075 386 4118 et
405 4065 502 4134 ttugnu
517 4083 569 4123 nou
585 4071 843 4142 optemperaverint,
862 4089 916 4128 nou
1003 4082 1227 4150 primoquidem,
1243 4083 1307 4155 qnia
1322 4084 1393 4155 qnod
1415 4083 1470 4139 Deo
1489 4082 1602 4153 placuit,
1615 4084 1760 4158 impletum

129 4148 353 4219 murmurantes,
367 4157 413 4210 sed
428 4166 456 4212 ιι
468 4164 614 4215 extorresa
629 4177 711 4234 regno
726 4164 786 4228 Dei,
803 4172 830 4219 ιι
849 4180 916 4220 eon·
969 4171 1176 4242 secundoque
1192 4184 1350 4244 regenerata
1362 4187 1396 4229 ex
1411 4174 1490 4244 aquis
1510 4185 1537 4230 et
1560 4175 1616 4232 pm
1632 4189 1762 4234 renovata

129 4244 216 4298 sortio
241 4243 369 4310 fufetium,
396 4261 412 4301 u
439 4247 577 4311 liminibus
597 4262 697 4310 sanctu
720 4255 768 4311 Dei
790 4256 918 4319 Bedesirc
968 4261 1547 4343 fragititaspriorisnqtivitatis,querulus
1561 4268 1763 4335 perhortrineut

129 4335 209 4391 atieni
221 4346 309 4390 erunt.
323 4336 391 4393 Nam
407 4346 528 4397 restrum
542 4350 585 4397 est
609 4360 656 4399 eos
667 4346 809 4413 instruere,
822 4362 916 4405 eorum
928 4386 956 4448 D
969 4342 1039 4409 facta
1054 4360 1107 4419 est,
1117 4362 1283 4425 amputatur,
1299 4357 1373 4413 etita
1391 4357 1501 4413 demum
1518 4348 1667 4428 peruenire
1686 4371 1763 4431 pote·

129 4439 194 4478 tero
213 4434 253 4479 est
264 4426 339 4480 urbis
350 4427 459 4483 oitedirc
483 4430 517 4484 ιιι
528 4430 599 4496 Deo,
621 4432 696 4500 cnjus
712 4434 844 4506 tepuitque
858 4437 918 4492 fun·
968 4442 1029 4497 ritis
1051 4442 1085 4497 ad
1100 4443 1232 4509 saiutem3
1256 4445 1336 4499 aiiter
1351 4442 1517 4516 impossibiie
1534 4438 1592 4502 cst.
1619 4447 1669 4505 Sic
1691 4452 1764 4506 enim

130 4516 232 4586 pimini,
246 4517 351 4572 dicente
363 4517 493 4573 Dotttino:
508 4520 559 4586 Qui
573 4539 617 4575 eor
632 4525 716 4589 eredit,
730 4542 771 4580 rue
785 4528 869 4593 audit,
892 4539 918 4583 et
967 4532 1044 4587 robis
1058 4548 1120 4586 cum
1143 4542 1314 4588 sacramento
1333 4549 1413 4589 verns
1427 4535 1559 4605 propheta
1582 4544 1702 4595 testatus
1724 4551 1766 4595 est

111 4682 113 4689 Ι
129 4606 174 4675 qui
187 4623 231 4660 eor
245 4608 351 4676 speruit,
366 4625 405 4662 me
415 4612 521 4680 speruit,
534 4622 557 4664 et
570 4613 614 4682 qui
624 4629 666 4666 eor
682 4616 780 4685 resipui,
797 4634 837 4670 me
850 4619 917 4672 reci·
967 4622 1061 4677 diceus
1077 4641 1083 4676 :
1097 4622 1189 4686 Amen,
1204 4641 1278 4678 uttteu
1291 4622 1444 4689 diocesiis,
1466 4623 1515 4678 uiri
1531 4629 1592 4696 quir
1612 4629 1703 4683 draeo
1726 4648 1766 4685 re·

130 4695 185 4763 pit:
198 4704 225 4751 et
237 4696 288 4762 Qui
303 4715 342 4752 ute
354 4700 454 4769 recipit,
470 4701 559 4772 recipit
573 4718 631 4756 eum
644 4704 688 4773 qui
706 4720 746 4758 rue
759 4705 828 4759 utirit
840 4705 916 4777 (Luc.
968 4721 1046 4766 nutus
1056 4712 1136 4782 fuerit
1154 4730 1186 4767 ex
1200 4732 1268 4784 uque
1291 4724 1314 4768 et
1342 4713 1452 4784 Spiritu,
1474 4732 1525 4769 uou
1550 4718 1664 4774 intrudit
1679 4722 1707 4774 in
1727 4738 1768 4774 rr-

128 4798 161 4850 t,
177 4783 224 4852 tt;
241 4802 279 4850 tx,
295 4787 351 4858 f8).
969 4818 1046 4874 quum
1059 4803 1181 4857 coeforuut
1193 4804 1283 4875 (fouit.
1296 4822 1340 4867 tu,
1358 4807 1396 4878 5).

507 4879 539 4936 ι’·
1339 4918 1384 4972 t.·.

238 4964 313 5021 Nm
325 4968 419 5042 “wine
436 4971 659 5078 fffef‘fffei[f³⁶⁰i’¹⁸
670 4974 809 5045 “iffmff‘m‘
884 5015 887 5021 ·
1030 5003 1105 5069 Quod
1117 5022 1168 5059 ueu
1181 5007 1274 5076 titique
1289 5018 1314 5062 et
1328 4919 1419 5063 eicio
1434 5012 1644 5080 sacrificandum
1661 5018 1706 5071 sit.

275 5058 325 5130 (th
341 5061 434 5115 ΜΝ
447 5065 561 5133 ⁰P¹⁸²⁰¹³
574 5074 644 5121 ¹⁰1⁰?
656 5067 777 5140 cmiii
970 5095 1020 5167 (Ex
1031 5095 1145 5167 epistola
1152 5095 1274 5155 Anarieti
1287 5113 1362 5168 pape
1375 5100 1476 5169 scripta
1489 5104 1620 5161 omuibus
1632 5108 1770 5179 episeopis

167 5167 338 5240 Quapropter
373 5174 479 5228 cunetis
515 5174 659 5241 fidelibus,
690 5186 718 5235 et
747 5195 918 5249 summopere
1033 5210 1050 5253 ,¹
1145 5167 1583 5241 fd'issiisiiiffifflffifs'fidibus-i

131 5261 258 5317 omnibns
268 5261 443 5334 preshyteris,
455 5273 482 5318 et
497 5264 666 5332 diaconibus,
683 5284 714 5324 ae
730 5270 842 5341 reliquis
862 5272 917 5328 eie·
979 5321 983 5327 .
1005 5278 1139 5334 Deoenint
1153 5279 1271 5349 perfecte
1284 5281 1534 5339 sacrificantesque
1546 5286 1653 5343 desem
1665 5293 1772 5355 scuti,

133 5349 198 5404 rieis
207 5352 398 5407 attendendum
409 5361 460 5417 est,
476 5360 506 5408 ut
516 5354 583 5410 ttiitii
601 5360 702 5427 absque
725 5363 842 5434 episcopi
857 5379 919 5434 pro·
970 5369 1017 5425 sed
1032 5369 1147 5439 portati,
1165 5371 1312 5433 consoiati,
1334 5379 1416 5442 atque
1429 5372 1462 5426 ab
1477 5375 1606 5430 ontnibos
1631 5380 1771 5435 uenerari.

133 5441 185 5510 prii
198 5443 305 5500 lieentia
317 5453 406 5516 agant.
421 5445 581 5517 donatique
593 5449 692 5506 missas
704 5455 761 5509 sine
773 5457 831 5526 ejus
841 5456 918 5524 jussu
970 5457 1021 5527 ipsi
1033 5468 1124 5513 autent
1135 5461 1243 5530 quando
1257 5460 1371 5517 [tontiuo
1383 5461 1551 5527 sacrificant,
1569 5479 1630 5521 non
1652 5467 1705 5523 soli
1722 5469 1772 5525 boc

135 5533 278 5604 quisquam
296 5538 517 5608 presbyterorum
528 5538 555 5593 in
567 5545 754 5609 snaparoeitia
770 5556 840 5615 agat,
866 5564 918 5602 non
972 5563 1050 5619 agere
1064 5550 1172 5613 tieiuut,
1194 5551 1241 5606 sed
1263 5561 1348 5607 testes
1364 5568 1455 5608 suentn
1473 5555 1638 5619 adnitreant,
1662 5569 1692 5612 nt
1719 5559 1773 5614 fico

134 5619 261 5690 baptizet,
274 5629 478 5698 necquidquam
492 5630 593 5700 situque
606 5628 664 5698 rjus
685 5635 816 5699 permisso
843 5646 915 5707 aqut.
971 5637 1090 5705 perfecte
1117 5641 1143 5697 in
1159 5641 1274 5697 sacratis
1290 5641 1403 5703 itrtmino
1427 5642 1493 5698 iocis
1518 5645 1685 5703 santificare
1708 5662 1771 5719 pro·
