3810 6120
133 266 182 322 c2l
539 265 798 322 cottecrtotvsss
815 264 850 320 m
870 263 1058 321 aristoles
1077 264 1122 321 ET
1142 267 1348 325 evanuerit.
1719 277 1767 332 tat

169 378 255 433 Alteri
263 376 367 447 fidesic
378 375 467 431 eodem
483 373 597 447 Spiritu.
615 377 663 432 llic
690 378 757 432 tides
781 376 923 446 dupliciter
937 377 1153 446 Aprospiceret,
1174 379 1201 433 in
1216 378 1327 444 diesne,
1339 395 1399 450 quae
1417 380 1451 435 erl
1473 396 1567 452 pacem
1582 384 1609 439 ei
1629 399 1691 441 esse
1715 403 1764 457 po-
1841 439 1845 444 ,

132 468 305 539 intelligitur,
319 481 374 521 nou
389 467 475 522 solum
487 482 548 536 qum
563 468 710 522 trinitatem
727 469 819 536 capaci
844 468 924 520 corde
975 476 1064 521 terant
1080 469 1207 524 babebat.
1223 468 1299 524 Nnrrc
1309 480 1399 525 autem
1410 474 1567 528 alueondita
1578 484 1642 529 suut
1653 475 1688 530 ab
1699 491 1765 531 ocu·

131 558 276 634 pereipiat,
294 557 343 613 sed
359 572 419 627 quae
430 557 535 613 ardenti
548 559 716 627 perfectione
729 558 804 627 signa
817 565 843 611 et
860 570 924 624 pro-
974 556 1007 612 lis
1021 559 1083 613 tuis.
1102 558 1129 612 Si
1148 560 1220 614 enim
1236 576 1251 615 a
1266 562 1356 616 cordis
1376 575 1434 629 epus
1447 563 1532 618 oculis
1556 564 1626 619 mala
1640 580 1700 635 quae
1714 568 1765 621 im-

133 652 203 724 digia
216 649 304 722 possit
317 649 435 720 operari,
446 649 479 704 de
495 664 547 717 qna
573 649 704 704 Dominus
727 651 753 704 in
776 649 923 720 Evangelio
974 648 1109 702 minorent
1122 650 1280 704 abscondita
1291 667 1345 706 non
1357 661 1457 718 essent,
1472 652 1533 707 laeta
1544 655 1572 708 in
1584 657 1764 723 praesentibus

134 742 196 798 dieit
212 756 221 795 τ
240 741 271 797 Sr'
283 739 425 795 habueritis
437 739 516 808 fidem
531 740 599 793 sicut
610 756 721 810 granum
734 739 843 808 sinapis,
854 739 924 791 diae·
973 742 1111 809 prosperis
1125 757 1178 796 non
1198 742 1304 797 luisset.

135 833 167 886 t'r
179 832 240 885 luia
253 830 346 893 moreti,
362 837 389 883 et
407 829 455 883 rel.
479 829 555 900 (duc.
574 829 653 888 xviri.
1009 829 1078 894 Quia
1088 830 1190 884 uenient
1204 831 1259 885 dies
1272 833 1344 896 inte,
1363 843 1387 887 et
1407 836 1603 890 circumdabunt
1619 847 1642 890 te
1653 838 1764 904 inimici,
1803 901 1809 911 Ι

167 922 220 976 Alii
232 921 319 991 qratia
329 921 494 974 curationum
517 921 545 974 iu
571 936 621 973 arro
630 918 739 990 Spiritu.
760 919 789 974 ld
810 928 861 986 est,
876 935 925 989 per
973 928 1027 974 etc.
1041 920 1207 975 llaeeomuia
1220 938 1236 976 a
1250 922 1414 992 Vespasiano
1436 934 1464 979 et
1487 926 1547 980 Tito
1572 927 1651 991 lucta,
1676 930 1764 986 rrullns

132 1027 212 1083 qaam
226 1009 643 1065 iullrmiseonieratsanitatem.
973 1009 1020 1079 qui
1044 1011 1187 1065 historiam
1209 1014 1358 1068 eversionis
1380 1012 1502 1082 ejusaem
1528 1017 1647 1072 civitatis
1677 1018 1763 1089 legit,

168 1102 220 1156 Alii
230 1103 346 1173 operatio
359 1101 496 1155 uirtutum.
505 1099 559 1154 Per
571 1116 653 1170 quarn
667 1101 819 1157 illuminare
826 1116 921 1165 caecos,
973 1101 1090 1172 ignorat.

137 1194 258 1249 obsessos
268 1192 418 1256 absolvere,
436 1200 558 1246 mortuos
575 1192 663 1247 valeat
673 1194 816 1248 suscitare.
1000 1191 1042 1246 Et
1061 1209 1113 1247 non
1124 1195 1270 1266 relinquent
1291 1199 1318 1251 in
1342 1208 1366 1252 te
1380 1198 1504 1269 lapidem,
1529 1200 1660 1256 ciciliae
1681 1204 1764 1257 etiam

168 1282 221 1338 Alii
242 1284 389 1353 prophetia.
412 1282 463 1336 Per
489 1297 571 1352 quam
596 1282 708 1337 moralia
728 1283 807 1338 docet
822 1282 865 1338 vel
888 1282 922 1337 de
972 1282 1029 1355 ipsa
1054 1284 1244 1353 iamejusdcm
1265 1290 1384 1344 civitatis
1411 1291 1612 1361 transmigratio
1637 1301 1761 1356 testatur,

138 1374 318 1432 retributionis
329 1374 372 1430 die
384 1384 431 1429 aut
449 1375 611 1430 mentuenda
625 1387 672 1429 aut
694 1375 827 1445 speranda
854 1390 923 1445 prae·
960 1373 1018 1444 qui
1034 1375 1097 1429 dum
1112 1390 1184 1430 nunc
1198 1377 1342 1433 ineoloeo
1356 1387 1512 1435 constructa
1529 1389 1581 1444 est,
1610 1383 1654 1436 ubi
1686 1392 1764 1436 extra

139 1464 216 1520 dicat.
864 1463 865 1466 ’
969 1472 1079 1533 portatu
1094 1465 1322 1522 lueratlluminus
1342 1468 1499 1532 crueitixus,
1513 1471 1589 1537 prior
1605 1470 1649 1524 illa
1668 1471 1764 1525 llieru-

168 1554 222 1609 Alii
232 1555 355 1608 discretio
368 1553 518 1624 spirituum.
530 1554 559 1609 ld
574 1562 625 1616 est,
638 1563 668 1608 ut
678 1556 768 1626 qualis
782 1559 923 1628 enusquis-
970 1554 1067 1621 salem,
1096 1565 1127 1610 ut
1141 1557 1385 1622 dieitur,iunditrrs
1407 1566 1449 1613 est
1473 1574 1579 1623 eversa,
1600 1562 1644 1615 cui
1663 1576 1696 1615 ex
1712 1577 1763 1630 qna

139 1660 186 1715 que
198 1645 310 1712 spiritns
319 1645 420 1710 veniat,
434 1644 476 1700 vel
489 1646 554 1714 quid
575 1661 608 1699 err
621 1645 687 1711 Deo,
700 1647 765 1717 quid
778 1664 812 1703 ex
827 1650 923 1704 adver·
971 1646 1050 1716 calpa
1081 1648 1232 1703 eversionis
1261 1663 1319 1704 suoe
1342 1663 1423 1720 poena
1449 1649 1532 1705 luerit
1557 1651 1630 1706 illata
1653 1651 1766 1720 subjun-

138 1736 205 1791 sario
218 1736 244 1790 in
256 1735 395 1791 hominurn
407 1736 514 1793 actione
524 1746 657 1803 versetur,
678 1738 804 1807 prudenti
817 1741 920 1795 erami-
935 1725 959 1784 B
971 1736 1055 1808 gitur.

138 1828 242 1882 natione
255 1827 392 1882 disentiat.
1009 1829 1050 1884 Eo
1062 1830 1131 1901 qaod
1144 1847 1196 1885 non
1207 1833 1367 1901 cognouerit,
1380 1841 1433 1886 ete.
1445 1831 1558 1887 Creator
1581 1832 1680 1903 quiippe
1703 1849 1763 1887 orn-

168 1918 219 1974 atti
234 1918 413 1990 interpretatio
441 1934 601 1973 sermonum.
619 1918 655 1972 tl
678 1927 729 1982 est,
749 1917 815 2000 quia
839 1918 922 1973 altius
972 1919 1048 1974 nium
1069 1936 1118 1991 per
1131 1921 1325 1978 iucarnationis
1340 1937 1396 1977 sum
1413 1923 1573 1994 mysterium
1594 1924 1665 1978 hanc
1695 1924 1762 1978 visi-

132 2009 306 2078 irterpretari
324 2015 515 2078 poteratque
539 2008 683 2079 peregrino
705 2022 832 2063 sermone
853 2009 922 2063 alias
963 2011 1166 2081 >necdignatus
1190 2019 1241 2074 est,
1260 2013 1309 2066 sed
1323 2012 1380 2081 ipsa
1405 2013 1510 2067 timoris
1525 2021 1551 2065 et
1566 2014 1667 2066 amoris
1690 2012 1761 2066 illins

136 2101 300 2173 loquebatur.
973 2102 1117 2161 recordata
1130 2109 1245 2156 nonest.

161 2189 232 2247 Rrec
245 2189 334 2244 omnia
345 2198 470 2261 operatur
489 2205 569 2256 unm,
583 2198 636 2244 eto.
669 2189 719 2244 ilic
744 2189 867 2245 ostendit
892 2204 922 2245 se
1007 2192 1042 2246 tte
1053 2193 1183 2263 inpressas
1193 2192 1388 2263 templanuete.
1396 2193 1447 2261 Qui
1460 2193 1659 2247 enimnarravit
1671 2191 1760 2245 iutrrra

134 2282 254 2354 saperius
267 2289 353 2337 toturn
366 2281 618 2351 desanctiSpiritus
641 2281 801 2336 disseruisse
813 2280 922 2335 virtuti·
963 2281 1045 2338 mala
1069 2289 1193 2345 ventura,
1210 2290 1238 2335 et
1259 2284 1383 2350 protinus
1408 2283 1536 2352 templum
1558 2283 1696 2351 ingressus
1710 2294 1762 2341 est,

128 2374 192 2441 bas,
202 2384 232 2429 et
241 2374 331 2444 ipsum
335 2373 404 2444 jugi
426 2387 551 2428 sermone
571 2371 657 2427 Mum
683 2387 714 2428 se
727 2379 755 2428 et
777 2371 920 2427 bominum
971 2382 1002 2429 ut
1015 2374 1049 2430 de
1073 2373 1280 2428 illo·1vendentes
1298 2381 1336 2428 et
1349 2385 1478 2429 ementes
1504 2372 1622 2441 ejiceret,
1642 2371 1764 2442 proiecto

128 2467 303 2537 predicasse.
972 2463 1098 2528 innotuit,
1118 2463 1182 2532 quia
1195 2463 1272 2517 ruina
1287 2463 1553 2533 populimarimeex
1566 2463 1643 2532 culpa
1669 2478 1769 2539 sacer-¹

155 2555 291 2611 viridem
310 2554 420 2626 singulis
446 2564 524 2625 prout
547 2554 610 2608 uult.
634 2553 761 2608 Diridotis
780 2568 834 2608 non
863 2553 921 2622 ipse
971 2550 1141 2608 dotumtnir.
1157 2553 1327 2624 Domusergo
1338 2556 1469 2610 orationis
1484 2556 1614 2625 spelunca
1624 2554 1759 2607 latronum

135 2648 242 2712 divisus,
258 2648 405 2703 divisiones
422 2663 487 2701 vero
501 2647 581 2701 dieta
603 2655 678 2711 sunt,
701 2647 772 2700 sicut
786 2645 921 2699 membro·
971 2645 1042 2700 iacta
1058 2645 1155 2710 luerat,
1165 2647 1212 2715 qui
1223 2646 1257 2700 ad
1269 2649 1320 2702 hoa
1332 2648 1359 2701 in
1372 2648 1471 2718 templo
1481 2647 1608 2702 assistere
1619 2653 1760 2703 noverant,

129 2754 191 2794 ram
203 2740 232 2793 in
244 2753 370 2808 corpore,
396 2739 458 2808 quia
485 2753 539 2792 nou
565 2736 635 2791 idem
649 2736 741 2791 valent
754 2750 834 2791 aures
848 2734 921 2804 quod
971 2742 1002 2789 ut
1018 2742 1066 2788 aut
1087 2750 1141 2788 non
1158 2735 1252 2789 dantes
1276 2748 1389 2789 munera
1412 2737 1567 2799 studerent,
1583 2734 1763 2804 corporaliter

132 2829 212 2894 oculi,
237 2837 321 2898 atque
345 2829 382 2882 ita
406 2828 526 2883 membra
559 2837 657 2882 cetera
687 2815 802 2881 dive’rsis
825 2823 920 2880 olllciis
970 2823 1109 2894 persequi,
1125 2831 1171 2877 aut
1185 2824 1279 2878 dantes
1300 2824 1476 2894 spiritualiter
1490 2838 1597 2879 necare.

128 2929 210 2991 atque
228 2919 402 2976 concorditer
413 2920 568 2975 distributa.
584 2918 650 2985 Quae
671 2926 773 2981 tamen,
788 2933 849 2972 cum
860 2917 919 2970 sani
1011 2912 1108 2968 virens
1122 2916 1191 2968 eninr
1209 2916 1355 2981 ciuitatem,
1376 2923 1427 2970 ete.
1444 2915 1501 2970 Hoc
1517 2916 1606 2970 'semel
1626 2915 1682 2986 egit
1700 2930 1761 2972 curo

133 3028 234 3078 samus,
255 3028 310 3067 aua
328 3027 405 3082 aeque
429 3012 547 3076 diversa,
572 3009 700 3064 necalibi
717 3011 829 3079 majore,
855 3008 919 3062 alibi
973 3005 1123 3074 perituram
1154 3006 1290 3060 civitatem
1317 3019 1377 3061 esse
1395 3005 1537 3060 nuntiavit.
1563 3004 1618 3059 liae
1643 3005 1763 3076 quotidie

132 3104 243 3167 minore,
252 3105 300 3158 sed
313 3109 375 3159 cu'rn
385 3104 647 3172 sintuttumeorpus,
657 3102 828 3156 communiet
839 3100 919 3171 parili
931 3075 955 3138 C
971 3097 1125 3166 redemptor
1137 3105 1229 3152 noster
1242 3113 1290 3168 per
1308 3098 1408 3153 electos
1423 3113 1485 3154 suos
1497 3114 1577 3168 ogero
1593 3108 1761 3162 norreessat,
1826 3144 1830 3151 .

131 3195 216 3251 salute
237 3196 419 3267 congaudent.
971 3202 1032 3242 curo
1045 3188 1176 3257 quosdam
1189 3205 1224 3243 cx
1247 3188 1317 3245 bona
1331 3191 1385 3244 vita
1401 3191 1435 3245 ad
1450 3206 1539 3244 mores
1556 3190 1685 3259 reprobos
1699 3204 1762 3258 per·-

317 3303 485 3344 nummu]
498 3298 725 3352 LUCAEffiH-th
970 3276 1076 3330 venisse
1103 3276 1265 3331 considerat.
1293 3277 1401 3346 pidilss'll
1423 3293 1476 3334 ,005
1496 3279 1542 3348 qui
1570 3279 1695 3333 nesciuit!
1712 3294 1763 3333 cur

87 3408 90 3413 ·
168 3404 179 3440 r
197 3387 269 3442 Cum
284 3386 516 3458 appropinquaret
529 3383 609 3440 lesus
620 3380 799 3446 Hierusalem,
825 3380 920 3435 videns
970 3366 1140 3437 Phndisslufr
1157 3368 1212 3437 qui,
1235 3366 1312 3436 1⁰¹ss
1338 3367 1492 3423 5³¹⁰¹1¹⁰¹¹i⁵
1514 3369 1607 3431 verba,
1635 3369 1761 3424 “flabit‘'

132 3477 318 3543 ‘civilatem’
346 3475 419 3531 flevit
444 3491 526 3546 super
552 3475 626 3530 qqam
649 3473 743 3530 piceus
764 3488 779 3526 *t
806 3469 874 3538 Quia
897 3469 921 3524 si
970 3457 1106 3511 summale
1116 3457 1223 3526 fecerint
1236 3467 1259 3511 et
1272 3458 1404 3513 exsultant
1415 3461 1443 3512 r'u
1453 3460 1529 3513 rebus
1539 3461 1657 3542 pessimis
1669 3458 1761 3530 (Prae.

132 3585 143 3621 g
162 3567 628 3640 moqssesepgu,eqqquemqn
646 3565 756 3619 1130qu
774 3571 836 3628 tua,
860 3577 921 3632 φη
963 3547 1013 3619 .ιι).
1032 3548 1083 3615 Qui
1105 3550 1128 3602 si
1152 3549 1355 3604 damnationem
1381 3564 1468 3614 suam,
1493 3564 1552 3619 quae
1576 3551 1616 3604 cis
1640 3550 1762 3603 irrnninet

132 3657 378 3730 „ppaoemqbq’
402 3673 475 3713 „unc
501 3663 592 3712 autem
615 3656 772 3711 abscondita
799 3661 863 3708 sung
886 3654 920 3709 ab
971 3638 1159 3707 agnovissent,
1185 3638 1344 3710 semetipsos
1369 3652 1429 3692 earn
1458 3638 1585 3710 iacrymis
1609 3639 1757 3694 electorum

130 3765 141 3800 r
162 3747 326 3811 oculistrris,
340 3748 403 3816 quia
418 3748 527 3802 venient
540 3746 637 3801 diesin
653 3754 689 3811 te,
718 3752 746 3797 et
768 3743 921 3799 circumda·
969 3727 1138 3799 blandirem-

131 3854 142 3890 ι
162 3838 232 3894 bunt
252 3846 279 3892 te
299 3837 403 3893 inimici
418 3837 549 3903 trivallo,
563 3845 590 3892 er
615 3835 823 3890 circumdabunt
846 3841 871 3888 te
894 3841 922 3888 et
1006 3821 1155 3891 etquidem
1168 3823 1196 3875 tn
1210 3821 1496 3893 deodatensium
1508 3824 1663 3893 parentari.
1677 3821 1759 3878 Strato

130 3947 142 3982 4
160 3928 378 4001 mmmmm
389 3936 414 3984 gg
428 3930 558 3998 undique,
573 3937 602 3983 01
614 3927 649 3981 aq
671 3934 773 3981 gemm
797 3935 920 3994 prosper.
971 3913 1014 3967 hic
1026 3912 1097 3967 diem
1110 3913 1191 3967 lrairet
1204 3914 1292 3967 arrinta
1304 3928 1444 3982 perversa,
1456 3930 1516 3984 qum
1531 3915 1688 3970 transitorio
1699 3931 1761 3985 gau-

132 4035 143 4071 g
161 4027 230 4074 mg
249 4019 585 4088 oe‚0qq11051„05quqqn
605 4027 632 4073 gg
657 4027 729 4072 sum,
750 4017 784 4071 Ep
798 4032 853 4071 „0ss
874 4031 918 4071 re.
970 4003 1015 4059 det
1028 4004 1054 4058 in
1067 4005 1258 4071 temporeeui
1278 4019 1309 4058 ea
1336 4018 1395 4071 quae
1416 4004 1514 4058 adsunt
1529 4005 1562 4059 ad
1578 4019 1671 4073 pacem
1687 4013 1758 4058 sunt.

132 4126 144 4165 t
160 4109 286 4182 linquent
300 4112 328 4166 in
354 4110 513 4183 serapidem
536 4124 617 4180 super
641 4108 769 4178 lapidem,
793 4121 826 4161 eo
849 4107 920 4175 quod
970 4093 1038 4160 Quia
1054 4094 1117 4148 dum
1131 4109 1164 4148 ex
1186 4094 1266 4147 rebus
1281 4093 1476 4162 temporalibus
1493 4092 1609 4157 laetatur,
1625 4094 1688 4148 durn
1709 4094 1759 4147 lto-

133 4219 145 4258 ,
164 4218 218 4259 „on
231 4204 391 4275 cognoveris
405 4200 682 4272 tempuqusqaqonjs
698 4209 759 4253 gum,
773 4197 806 4252 Ep
816 4198 920 4267 ingres.
970 4183 1082 4237 notibus
1093 4182 1239 4245 extollitur,
1253 4183 1316 4236 rlurn
1339 4183 1367 4235 in
1390 4182 1480 4236 carnis
1496 4181 1633 4250 voluptate
1648 4182 1759 4236 resolvi-

136 4310 210 4350 ,ως
224 4295 253 4348 qn
268 4294 407 4364 oempqum,
427 4295 510 4363 coepjg
536 4293 635 4362 ejicere
653 4289 800 4344 vendemes
824 4289 851 4341 qn
873 4286 919 4341 5110
971 4279 1022 4336 tur,
1045 4270 1109 4324 dum
1133 4271 1205 4325 nulla
1220 4279 1340 4327 venturae
1355 4285 1441 4341 poenae
1465 4271 1610 4327 iorrrrirline
1631 4281 1759 4337 terretur,

136 4401 146 4436 a
164 4393 193 4440 et
204 4393 334 4449 ementes,
350 4384 442 4440 diceus
454 4383 508 4438 illis
528 4401 534 4435 :
552 4382 688 4450 Scriptum
710 4386 762 4446 est,
783 4379 846 4449 qnia
872 4378 920 4432 do·
969 4375 1062 4431 Pacem
1074 4361 1155 4414 hibss‘
1171 4362 1196 4414 5¹¹
1210 4361 1253 4414 (ΗΘ
1263 4377 1320 4424 ⁵⁰22
1333 4376 1392 4431 ‘lllae
1406 4378 1438 4431 gr
1439 4377 1496 4416 πω
1512 4361 1692 4416 damnallffllls
1705 4378 1760 4417 ⁵¹¹OE

140 4491 149 4525 ,
167 4489 296 4529 musmo„
312 4473 550 4530 commorationis
572 4480 630 4536 est;
649 4487 698 4526 νος
710 4480 801 4524 amem
813 4468 918 4523 recisus
970 4449 1126 4506 scandalum
1141 4450 1167 4503 in
1180 4450 1223 4504 die
1233 4449 1342 4505 habebit
1353 4450 1451 4505 alicua.
1467 4450 1505 4505 toi
1520 4452 1592 4505 enim
1618 4451 1757 4525 affligenda

143 4587 150 4615 ι
168 4558 239 4620 iilam
256 4566 412 4636 speluncam
439 4567 584 4620 latronum.
600 4564 635 4618 Et
653 4571 711 4618 erat
729 4562 828 4616 docens
849 4575 916 4628 quo·
967 4553 1019 4609 ⁹⁵⁸2
1035 4545 1079 4599 “bl
1090 4544 1156 4614 l'usti
1172 4545 1343 4599 mmmm·

145 4675 153 4708 r
170 4658 231 4714 tidie
251 4660 405 4731 intemplo.
425 4680 434 4713 r
1004 4655 1083 4711 Nunc
1096 4668 1182 4711 autent
1201 4658 1353 4711 abscondita
1370 4666 1430 4711 rurrt
1453 4661 1485 4711 alt
1499 4658 1581 4713 oculis
1609 4662 1671 4714 tuis.
1695 4660 1759 4716 Pcr-

179 4747 240 4805 Cum
264 4761 482 4822 appropinquaret
508 4749 586 4804 lesus
610 4746 801 4811 Hierusalem,
829 4748 917 4802 rident
968 4765 1045 4804 versa
1061 4750 1159 4819 quippe
1183 4750 1272 4803 anima
1291 4752 1372 4804 rebus
1404 4751 1581 4819 praesentibus
1607 4752 1706 4818 dedita,
1731 4753 1758 4808 in

149 4840 437 4912 usuram,1tenuruper
449 4839 533 4894 illam.
547 4841 598 4912 (Ex
612 4837 704 4910 Beda.)
716 4837 802 4892 Flevit
815 4837 915 4893 etenim
969 4837 1085 4892 terrenis
1103 4837 1283 4907 voluptatibus
1305 4839 1435 4904 resoluta,
1452 4840 1594 4894 abscondit
1608 4842 1659 4896 sibi
1687 4844 1757 4898 mala

151 4925 356 5002 pitstedemptor
367 4930 570 4986 subversionem
583 4927 692 4999 perlldae
704 4929 835 4994 civitatis,
858 4944 918 4998 quae
940 4993 943 4998 ¹
970 4932 1118 5000 sequentia,
1140 4932 1202 5000 quin
1220 4929 1367 5001 praevidere
1382 4929 1472 4984 lutum
1487 4929 1594 5001 refugit,
1614 4950 1674 5002 quse
1689 4927 1757 5003 pnes·

155 5016 337 5091 {Vespasiano
361 5028 389 5076 et
415 5021 476 5077 Tito
502 5020 631 5074 Romanis
653 5018 820 5088 principibus
846 5017 917 5073 lucta
970 5031 1074 5075 sentem
1092 5020 1213 5074 laetitiam
1233 5019 1402 5089 perturbent,
1424 5019 1487 5074 dum
1502 5036 1561 5090 quac
1575 5021 1601 5075 in
1616 5025 1757 5092 praesentis

154 5110 185 5155 tsi
196 5108 226 5162 ei.
970 5112 1031 5166 vitm
1053 5111 1231 5166 oblectatione
1261 5111 1371 5175 deserit,
1395 5108 1458 5181 quid
1470 5112 1543 5167 aliud
1558 5128 1640 5183 quarn
1658 5115 1757 5170 clausis

180 5192 557 5272 fflcens,qaiart'cogaoeiases
573 5208 597 5252 el
618 5206 657 5251 tu.
684 5196 805 5250 Subaudi
828 5194 916 5261 fleres,
969 5202 1197 5271 oeulisadignem
1212 5203 1293 5256 tradit.

154 5293 287 5359 maredo,
295 5292 358 5362 quia
371 5291 459 5346 nescis
469 5291 541 5360 quod
551 5290 682 5353 imminet,
690 5287 820 5343 exsultas.
830 5287 916 5342 Ruina
1005 5294 1074 5359 Quia
1087 5295 1187 5347 uenient
1206 5293 1261 5348 dies
1274 5295 1300 5350 in
1315 5303 1350 5359 te,
1365 5304 1389 5349 et
1402 5296 1601 5350 circumdabunt
1621 5306 1644 5350 tc
1657 5294 1757 5350 inimici

154 5372 280 5464 irimque
301 5383 339 5439 illi
350 5383 516 5448 imminebat,
538 5383 596 5452 ipsa
619 5383 671 5437 sibi
689 5380 796 5447 civitas,
820 5381 847 5436 id
867 5389 918 5447 est,
968 5383 1007 5437 tui
1021 5381 1100 5436 uallo.
1117 5381 1167 5448 Qui
1182 5398 1300 5453 unquam
1315 5385 1513 5440 suntbumanac
1528 5387 1625 5439 animae
1639 5384 1754 5451 nrajores

151 5468 201 5524 ¹9³²
215 5470 285 5539 plebe
302 5473 422 5530 civitatis
445 5473 597 5542 ignorabat.
969 5472 1070 5527 inimici
1093 5487 1174 5539 quam
1193 5471 1301 5543 maligni
1327 5473 1448 5544 spiritus,
1470 5477 1515 5545 qai
1529 5474 1598 5527 bane
1613 5488 1627 5525 a
1643 5486 1754 5538 corpore

175 5547 208 5608 ΕΙ
225 5563 324 5631 quidem
342 5563 369 5617 iu
382 5562 430 5617 trac
450 5564 503 5629 die,
529 5580 588 5635 quae
602 5562 637 5616 od
655 5578 745 5632 pacem
763 5561 819 5615 tibi.
851 5559 918 5616 Cum
969 5567 1112 5617 exeuntem
1134 5560 1269 5626 obsident,
1282 5577 1362 5630 quam
1380 5562 1407 5616 in
1428 5563 1519 5616 carnis
1534 5574 1624 5613 amore
1639 5559 1759 5627 pusilent-

145 5634 212 5698 enim
225 5653 308 5709 earnis
321 5668 351 5710 sc
362 5653 541 5724 voluptatibus
556 5655 641 5723 daret,
655 5661 769 5710 ventura
780 5651 850 5709 mala
864 5666 919 5709 non
970 5649 1133 5722 deceptoriis
1148 5650 1373 5707 delectationibus
1394 5649 1493 5714 torem,
1510 5663 1589 5716 quam
1609 5647 1678 5702 vallo
1701 5647 1752 5704 cir·
