3810 6120
152 329 202 389 dil
790 309 963 368 stitutum
984 309 1129 366 sinuatis
1218 356 1222 361 .
1714 302 1769 359 8:32

101 415 107 425 ⁹
149 453 233 510 opem
243 449 370 491 manuum
386 433 412 486 iu
433 429 555 486 oratione
572 426 699 480 continua
720 424 756 477 sit
779 430 932 485 coarmatus,
948 424 970 482 Α
984 421 1106 476 oratione
1126 435 1282 489 suspensus,
1303 421 1391 475 nullus
1414 436 1475 475 eum
1490 435 1523 475 ρο
1546 417 1642 473 orandi
1669 417 1770 473 pam

150 528 250 600 uigiliis
260 535 287 582 et
306 523 413 580 detibus
429 528 458 576 et
480 517 632 574 bumilitate
646 514 794 585 subjectus,
808 521 836 568 ιι
847 513 935 582 poeni-
986 511 1133 577 licentiam,
1146 520 1289 583 antequam
1308 511 1440 566 submissa
1457 511 1483 566 iu
1511 517 1584 565 terra
1608 509 1769 578 poenitentis

153 619 245 675 lentie
267 614 393 669 lamentis
405 611 512 666 reulum
537 606 677 679 percipiat,
693 613 720 661 et
750 605 800 658 sub
814 603 935 658 custodia
985 616 1076 657 coram
1088 601 1213 658 omnibus
1226 601 1356 658 iratribus
1368 602 1528 672 supplicanti
1539 604 1564 657 ei
1578 603 1655 658 venia
1675 603 1710 658 ab
1725 602 1771 658 ab·

152 711 297 779 amparet
312 683 494 759 sdlttcitudlue
508 699 622 755 duorum
646 693 807 764 spiritalium
821 691 935 745 fratrum
983 691 1048 747 bate
1064 692 1207 748 tribuatur.
1222 690 1290 747 liam
1307 693 1353 763 qui
1373 707 1401 748 se
1414 692 1529 747 orationi
1549 693 1592 747 ιιι
1614 691 1772 749 confabula-

151 798 181 854 ιι
194 796 357 854 monasterio
375 793 505 858 ambulet,
518 790 590 845 nulla
614 788 719 858 priuata
734 782 868 838 locutione
893 782 936 835 uel
985 782 1053 837 tioni
1066 781 1133 850 ejus,
1151 793 1321 854 autequama
1334 784 1424 854 priore
1440 782 1594 854 recipiatur,
1614 783 1771 840 inconside-

151 883 268 943 ttoecilio
283 880 562 953 deincepsiuvcnlbus
572 872 784 946 conjungendus.
985 878 1042 925 rata
1053 872 1152 942 pietate
1161 873 1266 928 sociam
1278 873 1490 943 praesumpserit,
1498 872 1594 929 similis
1601 874 1773 930 damnationi

187 971 278 1025 Selene
292 970 367 1024 iilam
379 966 521 1023 terribilem
531 962 648 1035 Apostoli
655 954 936 1021 sententiandicentie,
984 957 1043 1026 eius
1054 958 1179 1026 allicitur,
1187 962 1296 1017 tradens
1306 961 1480 1031 semetipsum
1492 962 1771 1029 voluntariesatanae,

136 1056 443 1126 Jreeiitnmbujneerodi
468 1055 597 1110 bominem
622 1048 728 1104 serane
750 1049 779 1100 in
802 1047 937 1100 interitum
985 1048 1029 1103 cui
1043 1048 1098 1115 ille,
1112 1050 1259 1105 secundum
1282 1050 1402 1119 Apostoli
1424 1051 1587 1106 seutentiam
1603 1050 1628 1124 (l
1642 1048 1705 1107 Cor.
1730 1056 1773 1124 ι),

151 1147 253 1209 carnit,
269 1156 297 1199 ιιι
307 1145 415 1214 emmens
426 1144 512 1197 salens
522 1141 556 1195 ιιι
567 1139 595 1192 ιιι
608 1138 650 1190 die
663 1137 770 1189 Domini
781 1133 806 1206 (l
819 1134 881 1189 Cer.
896 1133 935 1205 ι).
985 1153 1035 1209 pro
1049 1140 1090 1194 sui
1105 1150 1196 1194 reatus
1209 1139 1398 1196 emendatione
1419 1139 1508 1196 luerat
1518 1141 1670 1211 deputatus.
1698 1143 1733 1199 lit
1742 1147 1774 1199 iu

151 1234 191 1288 lte
201 1236 254 1290 bne
270 1234 403 1290 sentetrtia
428 1230 609 1297 llierouymus
629 1226 667 1279 ait
680 1239 687 1278 :
702 1224 820 1279 Tradere
844 1223 938 1292 hujus·
985 1227 1038 1282 hoe
1051 1228 1161 1298 gravius
1171 1238 1275 1300 peccat,
1291 1231 1337 1300 qui
1354 1247 1384 1287 se
1395 1232 1446 1302 ipsi
1462 1233 1612 1304 coniungit,
1624 1235 1688 1305 quia
1701 1235 1776 1291 ⁸012.

151 1324 224 1379 noui
236 1322 346 1378 Satanae
356 1320 382 1374 iu
395 1319 534 1373 interitum
548 1317 646 1379 curnis,
660 1322 691 1369 ut
704 1313 850 1384 arripiendi
861 1313 935 1367 illum
985 1312 1053 1368 tium
1066 1315 1092 1370 oi
1106 1317 1227 1373 tribuous
1239 1333 1287 1373 cor
1302 1317 1359 1387 ejus
1370 1320 1485 1391 amplius
1509 1321 1573 1378 lacit
1585 1323 1724 1389 indurare,
1744 1334 1775 1380 et

127 1440 130 1445 -
150 1408 327 1479 numeraliter
340 1406 441 1461 babeat
459 1410 631 1474 potestatem.
657 1402 734 1470 erod
755 1403 818 1458 dum
837 1401 936 1456 viderit
985 1414 1039 1456 rrou
1054 1405 1187 1472 permittit
1198 1420 1260 1460 eum
1274 1422 1325 1476 pro
1338 1406 1390 1465 hoc
1403 1408 1474 1478 quod
1488 1410 1523 1465 ab
1533 1411 1656 1466 oratione
1682 1410 1775 1467 luerat

150 1510 181 1552 ee
193 1510 243 1552 uec
254 1495 346 1552 caruis
359 1494 406 1549 lile
418 1495 508 1550 necin
519 1491 612 1547 lutura
623 1493 735 1562 spiritus
754 1491 877 1560 requiem
885 1491 936 1545 ba·
987 1499 1151 1559 segregatus,
1169 1492 1203 1547 de
1224 1492 1407 1549 satisfactione
1419 1510 1466 1550 sua
1492 1498 1612 1552 strenia
1639 1498 1772 1569 cogitare,

151 1586 284 1653 luiturum,
300 1585 415 1642 dotano
433 1586 569 1656 ‘poenitcm
594 1592 622 1638 ιι
652 1584 779 1639 ιιιιιιιιι.
807 1581 870 1637 Sive
897 1581 937 1636 sic
986 1577 1034 1632 sed
1055 1577 1183 1646 nrajurcm
1211 1581 1343 1650 superbie
1375 1580 1496 1639 fomitem
1521 1594 1548 1640 ιι
1572 1589 1773 1643 contumaciam

150 1677 267 1747 quiaquia
280 1689 330 1745 pro
345 1676 450 1730 meritis
459 1675 557 1730 suisde
568 1674 689 1729 Ecclesia
700 1672 818 1742 pellitur,
830 1671 937 1726 Satanae
988 1667 1170 1737 delinquentis
1187 1671 1311 1725 nutritio
1326 1671 1412 1743 peius
1436 1673 1505 1730 lliuc
1517 1677 1627 1745 quidam
1642 1679 1774 1747 magister

149 1764 267 1821 uultur
283 1766 420 1834 potestati,
431 1772 472 1831 ut,
486 1765 548 1819 dum
567 1779 632 1819 earo
645 1762 705 1832 ejrrs
731 1778 781 1832 per
803 1762 936 1833 poenitcn-
949 1763 973 1822 B
986 1756 1179 1811 monachorum
1191 1759 1247 1813 uit:
1264 1758 1293 1813 Si
1307 1761 1369 1830 quis
1387 1777 1452 1818 nero
1470 1762 1555 1820 irater
1566 1772 1612 1820 aut
1626 1765 1774 1836 palamaut

151 1856 218 1909 tiam
231 1851 331 1909 aldicta
352 1853 496 1924 quemdam
524 1853 664 1908 interitum
686 1853 799 1923 patitur,
823 1851 934 1921 spiritus
984 1843 1115 1900 absconse
1127 1861 1188 1901 eum
1201 1862 1235 1904 co
1248 1846 1332 1905 luerit
1349 1851 1481 1909 allocutus
1495 1854 1673 1923 autjurmtus,
1697 1872 1775 1913 com-

150 1951 337 2000 esnserretur.
350 1943 438 1999 liabeo
451 1943 524 1999 enim
548 1943 771 1998 consuetudinem
794 1941 935 2010 Scriptura
985 1947 1094 1989 munem
1104 1935 1196 1990 statim
1208 1952 1271 1992 cum
1282 1950 1315 1994 eo
1327 1943 1612 2000 excommunicationis
1628 1947 1776 2002 contrabat

149 2042 181 2091 ut
192 2034 329 2090 bominem
341 2033 369 2088 iu
384 2041 462 2104 parte
474 2040 562 2088 totum
576 2032 717 2103 intelligat.
732 2031 795 2087 Sive
808 2032 846 2086 ita
869 2030 932 2100 quia
984 2038 1105 2095 poerram,
1117 2027 1190 2081 stab
1201 2029 1326 2085 omnibus
1338 2045 1400 2087 reus
1412 2032 1457 2098 sit,
1470 2040 1550 2103 atquc
1564 2033 1591 2088 iu
1600 2033 1654 2090 alio
1665 2026 1771 2093 laboris

154 2132 184 2181 et
196 2124 242 2179 bic
252 2122 401 2194 Scripturae
415 2138 475 2178 mos
488 2131 542 2189 est,
554 2130 585 2176 ut
595 2124 623 2176 in
636 2136 719 2177 carue
731 2120 849 2176 carnalis
860 2127 936 2175 actus
986 2113 1044 2184 ipse
1057 2128 1139 2183 opere
1151 2125 1333 2187 sequestretur
1345 2135 1360 2173 a
1372 2123 1518 2191 praeposito
1529 2138 1588 2189 suo,
1598 2132 1627 2179 et
1651 2125 1688 2181 sit
1714 2126 1775 2196 ipsc

150 2210 276 2282 interire,
304 2215 401 2284 spiritu
426 2229 492 2270 vero
519 2213 649 2284 spiritalis
669 2213 838 2269 conuersatio
863 2211 936 2266 salva
986 2205 1087 2260 tamab
1102 2206 1147 2260 illo
1166 2220 1213 2264 reo
1230 2224 1310 2279 quam
1324 2212 1487 2269 abomuibus
1499 2223 1651 2285 separatus,
1663 2216 1776 2273 ιιιιιιιιι

151 2306 431 2363 deridemonstretur.
443 2303 509 2358 ltem
523 2304 568 2359 hic
579 2303 698 2358 ostendit
717 2300 833 2370 eiectum
858 2307 936 2354 extra
971 2300 1014 2348 'ct
1026 2309 1089 2349 mos
1110 2295 1144 2349 ab
1156 2298 1276 2352 omnium
1298 2307 1326 2354 et
1351 2300 1409 2370 ipse
1425 2302 1529 2359 alienus
1555 2303 1673 2373 eloquio.
1698 2304 1770 2360 llam

98 2396 106 2410 ‘
151 2396 311 2463 mimium,
328 2397 423 2467 rapido
446 2410 494 2449 ore
517 2396 669 2450 demonum
695 2392 882 2457 lacerandum,
913 2393 937 2447 si
986 2399 1040 2439 non
1054 2385 1087 2442 ad
1112 2387 1217 2441 reniam
1229 2386 1340 2456 majoris
1352 2392 1447 2460 etipse
1461 2393 1604 2463 pertineat,
1616 2394 1669 2449 uisi
1684 2395 1773 2464 poeui-

149 2487 332 2559 manserit
343 2486 527 2544 noleusuitam
540 2484 632 2542 camis
646 2483 821 2545 montiliearc,
836 2489 938 2550 utpos·
987 2476 1079 2530 untia
1091 2477 1187 2532 siusilis
1198 2479 1350 2536 satisiaetio
1363 2482 1397 2536 ab
1410 2482 1451 2537 eis
1463 2482 1603 2552 aequaliter
1614 2483 1697 2539 luerit
1711 2499 1776 2554 ope-

153 2577 193 2635 tit
202 2578 286 2633 vitatu
296 2585 419 2634 ιιιιιιιιι
437 2590 609 2648 recuperare,
621 2582 652 2629 ut
663 2573 774 2644 spiritus
787 2571 877 2627 salvus
903 2570 939 2625 sit
986 2575 1056 2633 rata,
1070 2567 1154 2633 illius,
1164 2580 1275 2639 proptor
1287 2573 1359 2642 quod
1372 2573 1476 2628 exstitit
1489 2573 1645 2629 inobediens
1661 2574 1688 2628 in
1704 2574 1775 2628 titio

149 2665 180 2723 h
196 2666 243 2723 tlie
252 2667 358 2722 bonini
370 2665 450 2733 lesu,
462 2667 589 2737 quoniam
602 2664 630 2740 in
642 2663 739 2733 spiritu
754 2661 870 2716 Satanas
891 2673 937 2714 ae·
986 2656 1028 2712 ιιι
1038 2666 1158 2728 peccato,
1170 2659 1258 2727 istius,
1273 2661 1344 2731 quod
1358 2663 1511 2720 mercedem
1521 2662 1716 2721 consolationis
1724 2664 1774 2719 tri·

83 2799 87 2809 .
150 2756 244 2828 ‘chere
258 2762 312 2813 non
322 2764 413 2828 potest
424 2765 597 2829 potestatem,
609 2762 642 2810 ut
660 2752 764 2809 bomim
777 2750 880 2822 iudicio
893 2762 937 2804 re
985 2748 1044 2803 buit
1055 2748 1188 2804 maiomm
1201 2751 1311 2808 artillci.

149 2846 444 2917 παιδειῶν
546 2830 552 2849 ’
1259 2860 1373 2921 curua
1387 2863 1493 2921 xxm.

164 2962 168 2969 ’
184 2933 244 2993 (ῘΙῊ
254 2946 342 2993 “m
356 2937 523 3007 Nimim
534 2934 751 3005 ”¹⁸⁸i'0'05ll‘02·
768 2931 937 2988 memmi!
987 2946 1107 3016 Qualiter
1130 2953 1220 3008 debeat
1234 2971 1289 3009 etse
1301 2954 1430 3011 sollicitas
1441 2954 1521 3010 aibas
1531 2955 1602 3010 cirea
1615 2972 1770 3011 excommu-

148 3025 217 3081 bra
228 3042 281 3098 qna
291 3026 439 3097 prenderit
453 3027 478 3079 ei
486 3024 566 3079 abbas
577 3034 728 3093 conpetere.
742 3022 860 3078 Proinde
873 3034 935 3076 eum
1319 3025 1430 3080 nicetus.

148 3115 322 3172 ιιιιιιιιιιιι
339 3115 419 3171 debet
432 3113 526 3179 abbas,
541 3113 584 3169 cui
599 3112 690 3182 qualis
713 3112 857 3167 converriat
878 3110 970 3173 dis-C
1022 3108 1101 3164 Omni
1116 3109 1292 3168 sollieitudine
1305 3130 1396 3168 aaran
1410 3124 1483 3185 perat
1494 3116 1575 3171 ablat
1594 3116 1667 3170 cirea
1687 3116 1776 3173 deliu-

147 3204 249 3276 cipliuu
261 3204 305 3259 rel
319 3204 489 3274 paenitentia.
502 3203 681 3259 considerare
693 3203 765 3257 cuim
780 3203 860 3258 debet
874 3210 936 3258 aeta·
985 3209 1091 3269 eaentes
1109 3200 1214 3270 iratres,
1229 3205 1290 3274 qnia
1305 3221 1358 3259 non
1367 3213 1405 3260 est
1419 3222 1485 3276 optas
1498 3209 1570 3261 rania
1584 3208 1710 3270 medicas.
1728 3211 1775 3264 sed

151 3293 356 3365 gemmeum,
372 3294 415 3352 sel
431 3303 598 3351 senecensem
617 3292 764 3357 infirmam,
776 3292 820 3347 vel
837 3293 936 3349 delica-
986 3286 1219 3346 nmlelrabentibne
1235 3290 1342 3362 (llettlr.
1358 3292 1407 3364 rx).
1429 3294 1543 3350 Omnem
1563 3295 1775 3353 sollicitudinem

151 3386 209 3435 tum
226 3392 335 3448 corpus,
351 3377 632 3443 iontemlimbecille;
648 3378 934 3433 etsccundumunius-
986 3377 1053 3434 dicit
1070 3394 1178 3436 omnem
1194 3397 1299 3448 curam,
1323 3397 1430 3438 omnem
1454 3385 1646 3455 sagacitatem,
1663 3401 1775 3443 ornnem

95 3458 98 3465 ’
148 3465 280 3539 utiusque
294 3468 451 3539 qualitatem
476 3469 516 3526 sic
536 3469 617 3526 dubet
637 3469 805 3539 poenitentiae
826 3470 935 3527 modum
986 3472 1146 3528 iudustriam
1165 3475 1238 3530 circa
1252 3475 1449 3546 delinquentes,
1461 3476 1776 3547 idcst,circapeccantes

149 3557 262 3626 ιιιιιιι,
277 3559 465 3630 etdisciplime
475 3560 580 3631 paudum
592 3559 743 3628 imponere,
758 3560 935 3614 utruedicinae
986 3560 1094 3618 inatres.
1108 3563 1158 3619 llic
1179 3565 1366 3634 delinquentes
1391 3566 1491 3623 iratres
1512 3567 1582 3636 male
1608 3568 1778 3624 habentibus

148 3665 212 3707 autu
223 3649 364 3720 disciplina
377 3660 466 3717 sanet,
477 3665 531 3706 nou
543 3651 693 3720 opprimat;
707 3650 934 3717 instimularet,
987 3655 1131 3721 assimilat;
1147 3657 1271 3712 abbatem
1286 3674 1350 3714 vero
1362 3661 1466 3716 medico
1481 3671 1630 3732 comparat.
1643 3660 1710 3717 Sine
1726 3663 1776 3717 dru-

149 3751 205 3794 tton
216 3738 476 3808 mortalitcrgrarel.
986 3743 1032 3798 bio
1043 3745 1116 3799 enim
1131 3747 1221 3801 anima
1234 3749 1343 3817 quando
1354 3758 1460 3819 peceat,
1480 3751 1551 3806 mule
1566 3750 1657 3813 habet,
1675 3752 1740 3822 quia
1759 3769 1777 3807 a

187 3827 411 3901 lleeaqaoqnaur
421 3829 590 3884 benedicatur
603 3839 764 3895 transeunte,
791 3846 838 3885 nec
863 3828 935 3884 ellat
987 3836 1107 3892 bonitate
1120 3839 1224 3907 pariter
1242 3840 1343 3895 recedit
1366 3849 1395 3896 et
1408 3841 1535 3897 sanitate.
1552 3841 1629 3898 Sicut
1642 3844 1716 3898 enim
1734 3852 1779 3899 est

149 3919 196 3991 qai
205 3921 230 3977 ei
242 3920 333 3976 datur.
348 3920 388 3976 De
402 3922 455 3977 ιιι
471 3922 656 3978 sententiosis
670 3922 717 3977 alii
737 3922 832 3978 Patres
858 3923 935 3978 dixe·
987 3926 1130 3982 inilrmitas
1140 3929 1274 3997 corporis,
1289 3938 1332 3985 est
1343 3938 1371 3984 ιι
1384 3930 1443 3986 siue
1458 3930 1540 3986 dubio
1556 3930 1776 3987 inilrmitasani-

150 4022 233 4069 runt:
244 4011 350 4069 Nullius
360 4013 469 4084 eloquio
481 4014 643 4079 consoletur,
653 4014 863 4071 tacitoornnium
875 4029 936 4084 per·
987 4033 1048 4073 mae.
1059 4018 1093 4072 Et
1103 4019 1173 4073 sicut
1184 4020 1285 4091 indiget
1295 4021 1663 4091 medicoinlirmnscorpore,
1671 4022 1779 4093 indiget

150 4110 303 4163 ιιιιιιιιιιι
312 4115 434 4176 aspectu.
444 4106 549 4162 Petenti
561 4105 775 4161 benedictionem
789 4103 879 4159 nullus
894 4118 936 4158 rc·
988 4108 1111 4164 infirmus
1122 4116 1151 4165 ιι
1160 4110 1259 4164 anima.
1272 4109 1295 4163 Α
1308 4118 1361 4182 qua
1376 4111 1532 4168 indemitate
1544 4111 1638 4167 rolens
1659 4111 1777 4167 libcrari

71 4258 76 4268 .
149 4195 291 4267 spondeat.
311 4194 447 4267 Quidquid
465 4198 491 4252 ei
506 4197 692 4268 porrigitur,a
708 4196 781 4250 nullo
804 4198 934 4264 signetur.
987 4199 1139 4265 Psalmista,
1155 4200 1269 4256 Domino
1281 4217 1346 4258 vero
1361 4203 1466 4258 medico
1478 4204 1585 4259 dicebat
1601 4221 1608 4257 z
1631 4200 1690 4273 Ego
1707 4203 1776 4267 dixi,

149 4284 366 4356 oaldqolumro
389 4293 465 4342 extra
483 4302 551 4357 opus
572 4287 738 4356 assignatum
762 4285 936 4355 peculiariter
987 4287 1110 4353 Domine,
1126 4291 1325 4358 misereremei,
1355 4309 1421 4347 sona
1444 4293 1561 4347 enimam
1586 4308 1684 4355 meam,
1711 4295 1778 4363 quin

150 4375 192 4437 sul
207 4376 280 4431 ultro
298 4375 430 4442 affecerit,
462 4375 687 4446 dspergaeurmt
709 4374 863 4444 dissipetur.
890 4372 936 4429 Sic
988 4379 1091 4449 peccaui
1106 4378 1153 4432 tibi
1167 4379 1254 4450 (Ptol.
1271 4380 1327 4453 ιι).
1343 4380 1426 4453 Cujus
1444 4383 1532 4437 ricem
1546 4382 1779 4438 bonusinmorm·

145 4467 253 4538 ⁴ubique
265 4468 340 4525 solus
354 4477 382 4524 ct
393 4468 420 4524 ei
433 4467 489 4525 sola
500 4467 578 4537 culpa
593 4466 729 4522 solatium.
949 4442 975 4502 D
990 4470 1074 4524 sterio
1092 4478 1187 4526 leuem
1200 4471 1285 4528 abbas
1298 4488 1391 4529 curam
1405 4475 1439 4530 do
1452 4474 1568 4531 iullrmis
1581 4476 1683 4530 babere
1696 4476 1779 4531 debet

430 4577 546 4634 CAPUT
558 4577 652 4634 xm
988 4556 1140 4623 animabus,
1154 4568 1184 4614 ut
1198 4570 1354 4616 sanentura
1372 4564 1490 4633 peccatis
1506 4574 1536 4619 ot
1547 4564 1633 4629 vitiis,
1643 4570 1672 4619 ct
1682 4566 1779 4634 pristi-

151 4670 190 4728 lle
199 4671 240 4727 luit
250 4672 295 4744 qui
307 4672 363 4728 sine
370 4670 494 4743 justiam
506 4668 607 4722 albatia
621 4668 771 4739 jungantur
782 4682 935 4722 eacommn·
989 4660 1023 4699 ¹¹⁸
1036 4655 1144 4717 re‘wilm
1158 4649 1284 4713 ὓθῐιῑῑὲιῑθ,
1293 4651 1391 4706 iterum
1403 4654 1523 4707 serviant
1534 4652 1667 4710 Creatori.

482 4739 586 4793 ιιιιιιιι.
1024 4734 1060 4788 Et
1072 4736 1130 4790 uteo
1149 4739 1187 4791 nti
1205 4738 1279 4793 debet
1293 4742 1363 4794 omrai
1379 4742 1466 4807 modo,
1480 4752 1509 4796 at
1520 4744 1622 4814 sapiens
1646 4743 1777 4808 medicus,

185 4832 216 4891 Si
228 4834 287 4905 quit
297 4833 381 4904 frater
390 4832 585 4904 presumpserit
611 4830 667 4884 siue
689 4828 811 4899 jrrssioue
833 4828 935 4905 abbatis
989 4827 1127 4881 immittere
1139 4831 1215 4899 quasi
1226 4830 1340 4886 occultos
1351 4834 1528 4890 consolatores
1541 4836 1680 4906 senipetas.
1698 4834 1780 4890 Serri-

150 4925 458 4997 iretrieecammnnicato
476 4924 590 4997 quolibet
605 4922 683 4978 modo
694 4938 721 4976 se
740 4922 863 4991 inrupere,
887 4929 935 4974 nat
989 4926 1074 4991 potas,
1087 4920 1259 4978 Grmcumest
1271 4939 1379 4990 nomen,
1395 4941 1448 4980 non
1465 4927 1601 4991 Latinum,
1615 4942 1670 4997 quo
1683 4942 1781 4984 secun·

151 5017 287 5089 iuqnicam
297 5032 337 5081 eo,
350 5016 389 5071 uel
403 5017 592 5071 mudutumei
614 5015 739 5084 diripere,
756 5012 867 5066 similem
879 5027 936 5064 sar·
988 5011 1052 5064 dum
1070 5011 1153 5079 ipsius
1166 5013 1235 5066 beati
1255 5012 1389 5070 Benedicti
1403 5015 1662 5085 interpretationem,

149 5109 234 5164 rietur
259 5107 534 5162 excommnuicationis
558 5105 710 5160 uindictam.
745 5101 815 5156 llius
842 5100 937 5154 ιιιιιῐιιι
1026 5099 1117 5163 lacet,
1133 5103 1504 5174 senioressapieuteeiratres,
1524 5106 1721 5177 intelliguntur.

151 5197 270 5253 isidorus
286 5195 326 5250 ait
340 5212 347 5249 ι
360 5194 402 5250 llo
419 5194 680 5250 excummunicatum
705 5191 770 5245 nrrlli
788 5190 868 5245 liceat
897 5191 937 5243 iu·
1025 5190 1077 5255 Qui
1088 5192 1165 5262 quari
1175 5203 1272 5246 secrete
1283 5193 1449 5248 consolentur
1459 5196 1566 5264 fratrem
1589 5196 1775 5264 fluctuantem.

150 5286 228 5360 gredi
245 5287 314 5343 citra
328 5284 470 5355 imperium
484 5283 608 5338 senioris.
624 5283 692 5338 Cum
705 5280 937 5336 excommunicato
989 5281 1176 5338 Fluctuantem
1187 5283 1263 5348 dicit,
1277 5283 1368 5346 idest,
1391 5283 1572 5350 haesitantem,
1589 5284 1778 5348 tribulantem,

151 5392 239 5450 neque
256 5393 351 5446 orare,
369 5391 456 5446 ncqtrc
473 5375 546 5444 loqui
567 5375 664 5444 cuique
685 5373 786 5427 licebit.
805 5371 873 5428 Cum
893 5386 938 5425 cs·
987 5373 1030 5429 ιιι
1042 5373 1193 5429 indiversis
1206 5375 1413 5444 cogitationibus
1432 5375 1592 5430 variantem.

151 5470 351 5528 communicato
365 5469 431 5525 uuili
444 5465 552 5538 pcrrilus
568 5464 639 5519 vesci
655 5464 728 5528 licut,
745 5478 794 5518 nce
809 5462 860 5532 ipsi
877 5460 938 5532 qui·
1024 5461 1269 5533 Ειριιιιιιιιιιιιιι
1282 5463 1478 5519 adlrumiiitutis
1492 5463 1710 5532 satisfactionem.
1725 5462 1780 5518 llu-

77 5542 80 5547 ’
151 5561 214 5617 tiam
229 5562 276 5631 qui
288 5562 447 5617 alimentum
471 5555 553 5612 victui
570 5555 681 5625 praebet.
698 5553 767 5608 lliuc
793 5553 938 5609 Cassianus
990 5552 1112 5606 militatis
1132 5551 1280 5607 satislactio
1296 5561 1348 5618 est,
1367 5554 1474 5622 quando
1487 5553 1626 5623 cognoscit
1645 5568 1676 5607 sc
1697 5554 1780 5606 lromo

153 5648 191 5705 ait
207 5668 212 5704 :
228 5649 257 5705 Si
268 5652 329 5720 quis
344 5658 433 5707 auruum
446 5664 496 5720 pro
512 5646 631 5717 qualilmt
644 5644 720 5715 culpa
736 5659 784 5699 sua
798 5644 876 5697 imru
906 5641 938 5695 ab
989 5657 1037 5710 prr
1057 5641 1208 5711 superbimn
1222 5658 1358 5712 proccessu,
1371 5654 1397 5697 ct
1410 5642 1551 5699 humiliato
1575 5641 1658 5697 corde
1673 5650 1699 5697 ct
1717 5656 1766 5696 ror
