3810 6120
135 262 194 324 283

553 270 814 328 COLlAECTlONES
831 269 865 326 ta·
886 268 1076 326 mustelas
1095 268 1140 325 ET
1162 270 1367 327 El'rlNGEle.

1732 275 1785 335 ‘itit

175 378 254 455 Apud
266 401 342 455 quem
358 403 410 439 iton
430 397 466 440 est
480 390 677 455 transmutatio,
689 406 735 443 nec
751 388 937 443 vicissitudinis
951 395 976 453 Α
990 384 1065 456 cipit,
1080 395 1109 442 ut
1134 403 1187 443 aon
1203 388 1338 459 quaslibet
1351 390 1385 444 ob
1399 406 1496 446 causas
1510 394 1683 449 serenitatem
1699 402 1782 453 nostri
1825 447 1827 451 ,

134 474 314 530 ainarbratio.
335 474 403 543 eria
420 476 447 530 in
464 475 511 531 liei
528 486 624 533 natura
638 478 802 533 mutabilitas
815 493 867 532 noir
882 488 932 544 est,

134 580 226 637 neque
241 565 332 622 lumen
354 566 413 637 ejus
436 570 507 623 sicut
522 564 615 626 'lirraen
633 568 820 640 hujusmundi
844 570 933 641 aliqua

134 656 333 714 eiessituumts
353 658 449 715 umbra
471 660 617 718 intercidit.
642 661 739 732 Liquet
762 661 856 732 utique
870 662 933 731 quia

132 746 193 804 sola
213 748 294 805 nobis
306 749 376 804 dona
395 749 482 816 lucis,
505 759 533 805 et
547 765 600 806 non
613 752 696 827 etiarn
712 752 837 809 tenebras
850 754 933 807 irritat

132 825 270 896 erroium.

175 928 330 1005 Voluntaria
343 933 431 1002 genuit
445 949 491 987 nos
506 932 581 988 acrio
603 932 732 988 ueritatis.
754 932 789 988 Et
802 933 932 989 Dominus

131 1021 162 1080 in
174 1012 323 1094 Evangelio
336 1042 343 1077 :
363 1021 390 1077 N
392 1040 426 1078 on
440 1040 483 1078 uos
496 1041 536 1079 mc
547 1023 677 1095 elegistis,
689 1025 734 1079 scd
746 1042 792 1097 epo
807 1025 872 1097 elegi
887 1042 932 1080 roa

133 1112 227 1186 licon.
252 1112 309 1184 xv).
329 1112 365 1168 Et
379 1114 407 1170 in
418 1112 487 1170 Osee
500 1116 652 1187 propheta:
667 1115 784 1187 Dilipom
798 1132 841 1171 eos
854 1135 932 1189 spon·

132 1215 210 1258 tonse
226 1201 314 1275 (Osee.
336 1203 404 1277 xlv).
427 1203 495 1272 Quia
508 1219 573 1277 ergo
586 1206 712 1261 dixerat:
736 1204 820 1261 Ourna
840 1207 931 1262 dotum

131 1296 271 1367 optimam,
282 1305 307 1350 et
318 1312 394 1350 ornae
404 1295 501 1351 dorcam
515 1297 659 1368 perfectum
672 1296 754 1353 aueo
765 1299 929 1364 descendere,

132 1395 332 1456 consequenter
351 1388 464 1452 astruit,
498 1388 640 1444 addendo:
665 1389 801 1460 quianon
830 1391 931 1446 nostris

131 1478 259 1546 meritis,
279 1479 327 1534 sed
348 1495 404 1535 suae
424 1479 557 1536 benellcio
577 1480 738 1548 voluntatis,
762 1498 811 1553 per
831 1498 930 1554 aquam

131 1571 346 1643 regenerationis
360 1572 393 1627 de
403 1571 466 1628 filiis
481 1575 667 1641 tenebramur,
680 1590 730 1655 nos
741 1576 767 1630 ia
780 1575 850 1632 tilios
864 1575 930 1633 lueis

131 1665 289 1722 mutaverit.

985 476 1075 531 rultus
1087 478 1113 531 in
1125 480 1312 534 austeritatem
1326 488 1474 547 rcrtaams,
1498 483 1545 537 sed
1560 495 1635 539 certa
1648 488 1784 544 existente

986 568 1101 633 ratione,
1118 569 1193 624 rerbi
1210 571 1307 641 gratia,
1320 571 1343 626 si
1357 571 1437 627 aliter
1451 575 1551 646 corrigi
1571 578 1710 646 proximos
1723 594 1783 633 ma-

983 657 1056 711 xime
1070 658 1116 729 qui
1131 659 1208 714 nobis
1227 663 1364 718 commissi
1378 672 1451 731 sttnt,
1470 680 1523 720 non
1537 680 1617 736 posse
1628 684 1781 736 cernamus,

984 748 1155 802 severitatem
1170 765 1233 820 erga
1248 767 1296 806 eos
1317 753 1413 820 rerbi,
1437 755 1576 811 ueletiam
1594 757 1726 827 judicium
1739 760 1781 814 di·

983 839 1134 896 strictionis
1157 843 1354 911 exlribeamns,
1384 857 1510 902 manente
1537 857 1627 905 tarrren
1651 862 1782 921 quantum

983 940 1080 986 natura
1098 932 1216 988 liuniaua
1235 935 1336 1005 patitur
1351 945 1423 993 stata
1439 947 1540 993 nostrie
1558 941 1658 995 mentis
1673 957 1780 996 sereno.

983 1024 1084 1094 Credo,
1108 1027 1240 1094 Pbinees,
1263 1027 1391 1098 Samuel,
1412 1033 1501 1100 Elias,
1527 1043 1555 1088 et
1574 1034 1686 1103 Petrus,
1711 1038 1780 1090 tardi

982 1111 1091 1171 luerunt
1106 1117 1140 1172 atl
1155 1117 1234 1184 imni,
1249 1128 1277 1174 et
1293 1129 1383 1176 tannen
1396 1132 1556 1192 peccantes,
1572 1123 1614 1177 rel
1629 1125 1722 1191 rerlro,
1738 1127 1780 1179 rel

982 1206 1070 1276 gladio
1085 1221 1269 1280 percuterent.
1285 1213 1338 1268 Sel
1354 1223 1381 1269 et
1394 1215 1497 1282 lloses,
1513 1232 1574 1272 eam
1589 1228 1660 1273 esset
1674 1221 1716 1274 rir
1730 1221 1780 1273 mi-

983 1301 1120 1368 tissimus,
1149 1304 1233 1358 exirit
1254 1320 1270 1358 a
1290 1305 1452 1372 Pharaone,
1469 1322 1549 1377 quem
1571 1308 1780 1380 incorrigibilem

981 1391 1065 1459 riuti,
1081 1393 1168 1449 iratus
1181 1394 1277 1463 nimiS,
1297 1398 1478 1453 corariiinatus
1491 1399 1517 1452 ci
1531 1414 1640 1467 poenam
1657 1417 1739 1470 quam
1753 1408 1782 1455 et

980 1497 1063 1553 opere
1076 1486 1205 1555 patrarit.

1017 1573 1065 1630 lro
1083 1577 1152 1630 enim
1167 1575 1217 1631 oiri
1235 1577 1369 1646 justitium
1391 1576 1443 1632 Dei
1461 1596 1513 1633 non
1528 1590 1661 1651 operatur.
1682 1581 1781 1638 Facilis

981 1672 1023 1720 est
1036 1680 1142 1733 sensus,
1155 1667 1218 1736 qnia
1230 1667 1277 1737 qui
1290 1667 1437 1723 iracundie
1458 1671 1524 1725 ritio
1537 1687 1566 1727 se
1579 1672 1704 1727 incautus
1717 1676 1780 1728 sub·

169 1755 204 1813 iit
226 1758 310 1814 simus
331 1760 436 1814 initiam
456 1760 563 1833 aliquod
582 1773 711 1819 creature
722 1763 789 1835 ciras.
803 1762 842 1821 Ne
854 1765 881 1821 in
895 1780 929 1823 eo
943 1756 1064 1829 Bjagat,
1080 1768 1108 1813 θῑ
1122 1760 1145 1815 Si
1160 1760 1416 1831 lrominibusjustus
1427 1773 1551 1833 apparet,
1572 1763 1599 1818 in
1612 1765 1703 1819 ditiuo
1716 1781 1780 1821 exa-

129 1848 204 1921 quod
217 1849 271 1916 ait,
287 1851 398 1921 genuit,
413 1851 465 1907 boe
480 1868 530 1908 nos
543 1851 601 1908 lteri
616 1863 775 1926 putaremus
788 1858 859 1926 quod
874 1858 931 1928 ipse

129 1949 183 1998 est.
202 1939 267 1999 ideo
286 1941 467 2013 principatum
482 1944 639 2014 quemdam,
662 1946 689 2001 in
702 1956 828 2004 ereatura
852 1950 931 2006 nobis

129 2030 499 2103 baeadoptioneeouccssum
510 2035 638 2091 ostendit.
654 2035 931 2094 llnncctenimrersi-

129 2120 222 2180 culum
235 2109 347 2194 quidam
361 2124 398 2178 ita
411 2125 564 2180 transtulit:
582 2125 678 2181 Volerrs
692 2130 780 2198 pertarit
792 2145 838 2184 nos
853 2103 928 2184 nerii

128 2216 263 2281 actitatis,
277 2225 306 2271 ut
324 2218 406 2272 sirnns
421 2219 545 2289 prirnitite
569 2230 752 2274 ereaturarum
768 2222 835 2292 ejus,
852 2223 929 2276 idest

129 2316 159 2364 ιιι
171 2307 280 2366 etetens
294 2324 363 2381 quos
377 2313 514 2367 cernimus
525 2313 673 2381 creaturis,
692 2315 777 2371 simus
790 2315 926 2370 meliores.

128 2397 270 2457 Primitiae
283 2416 401 2473 namque
420 2401 528 2472 lrtrgum
544 2404 584 2460 rel
601 2405 791 2472 animantium,
814 2406 927 2461 Dorirlno

129 2491 287 2547 consecrari
302 2491 347 2547 lex
359 2493 490 2564 precipit.
505 2492 643 2550 Primitias
658 2495 716 2549 auri
731 2505 758 2550 et
773 2496 878 2567 argenti
893 2496 927 2550 ad

128 2597 198 2655 opus
208 2583 378 2641 tabernaculi
390 2582 472 2652 jussit
485 2585 615 2652 cotrlcrri,
628 2587 655 2641 ld
668 2599 720 2651 est,
736 2588 839 2657 optima
854 2603 927 2656 qum-

131 2691 182 2749 que
194 2676 223 2732 in
243 2675 361 2731 metallis
379 2675 478 2747 (Esod.
494 2693 567 2740 xxti,
592 2679 684 2748 xxm).
710 2678 742 2732 lit
762 2679 795 2733 tle
814 2679 927 2747 atrtiqno

986 1851 1059 1904 utine
1090 1852 1208 1907 tiendum
1236 1851 1356 1923 perfecte
1378 1851 1467 1920 justus
1491 1864 1543 1910 cst.
1573 1855 1669 1910 l'erum
1698 1856 1780 1911 altius

983 1950 1072 2013 potest
1084 1941 1286 2015 intelligi,quod
1296 1960 1311 1998 a
1322 1943 1547 2000 botninodictum
1557 1955 1614 2002 est:
1625 1947 1664 2002 Tu
1675 1957 1779 2013 autern,

982 2033 1097 2089 Domine
1111 2034 1253 2103 virtutum,
1275 2051 1338 2090 crim
1357 2036 1554 2106 tranquillitate
1565 2038 1673 2107 judicas
1688 2057 1694 2093 :
1710 2055 1778 2109 qua-

982 2124 1123 2194 liscunque
1132 2124 1215 2193 judex
1227 2127 1319 2193 bomo,
1343 2127 1442 2182 amissa
1458 2128 1558 2184 mentis
1573 2130 1778 2199 tranquillitate,

981 2216 1180 2288 delinquentem
1191 2215 1305 2285 jardicat,
1332 2219 1415 2274 etiam
1439 2219 1462 2272 si
1475 2217 1679 2288 jttstejudieat,
1698 2219 1780 2290 justi-

981 2306 1046 2361 tiam
1070 2315 1160 2362 tatrten
1184 2307 1268 2362 dirini
1293 2307 1445 2371 exartrinis,
1470 2308 1496 2363 in
1512 2325 1593 2378 qnam
1611 2313 1780 2380 perturbatio

979 2400 1077 2456 callere
1091 2402 1187 2467 nescit,
1205 2402 1305 2456 irnitari
1330 2417 1383 2455 noa
1399 2411 1497 2472 potest.

1015 2490 1128 2562 Propter
1143 2492 1214 2563 qttod
1237 2493 1389 2565 objicientes
1414 2509 1516 2547 onlnem
1532 2495 1727 2549 irnrmurdition
1751 2506 1776 2550 et

978 2581 1169 2635 uburrdontiom
1191 2582 1318 2647 trtolitice,
1335 2583 1363 2636 t'n
1382 2584 1584 2638 trttrrtsuctudine
1598 2587 1723 2656 suscipite
1735 2588 1778 2640 in-

979 2672 1060 2726 sitam
1082 2674 1198 2726 acrbrnn.
1223 2673 1315 2728 Primo
1330 2684 1358 2730 ct
1379 2691 1477 2745 corpus
1494 2685 1521 2731 et
1542 2685 1660 2732 meatem
1676 2695 1690 2732 a
1704 2679 1778 2732 ritiis

130 2762 177 2822 bet
191 2765 291 2837 populo
307 2766 376 2821 dixit
398 2764 528 2836 propbeta
541 2765 694 2821 ieremias:
713 2767 827 2822 Smntns
841 2766 927 2823 lsrael
974 2762 1052 2833 jubet
1067 2779 1235 2836 expurgare,
1252 2774 1281 2819 at
1294 2766 1366 2836 digni
1381 2769 1499 2823 existere
1511 2770 1632 2837 possint,
1658 2772 1703 2839 qui
1718 2787 1778 2827 rer-

130 2857 243 2913 Dentino
257 2859 382 2929 primitiae
396 2857 502 2928 fragrem
518 2858 575 2928 ejrrs
590 2858 657 2929 (der.
674 2859 716 2932 ιι).

164 2946 245 3004 Scitis
264 2958 363 3016 autem,
379 2949 476 3018 scotres
492 2948 542 3002 traci
554 2948 729 3004 dilectissimi.
752 2950 926 3007 b'otissirmtm

130 3024 233 3115 inquit,
249 3040 326 3096 robis
344 3048 400 3104 est,
423 3039 495 3110 qnod
516 3055 531 3094 a
550 3040 628 3095 robis
651 3040 717 3111 ipsis
742 3042 874 3098 lrabnistis
893 3043 927 3098 ad

128 3132 194 3195 titia
207 3132 304 3188 labita
319 3131 432 3185 Domino
445 3141 537 3186 autern
553 3146 600 3188 ros
612 3132 751 3200 illustrari,
766 3150 820 3188 nort
834 3144 924 3189 restra
938 3126 961 3190 C
976 3138 1068 3184 autern
1090 3129 1198 3199 proprie
1215 3129 1248 3182 ad
1264 3128 1402 3184 interioris
1421 3131 1538 3186 bominis
1557 3133 1720 3201 pravitatem
1736 3148 1777 3186 re·

127 3224 294 3299 provisione,
309 3224 355 3281 scd
370 3238 485 3295 superna
497 3224 583 3296 gratia
597 3238 644 3279 ros
658 3222 925 3296 prarenienteeon-

129 3316 203 3391 tigit.

164 3407 207 3466 stt
227 3418 315 3463 uatem
335 3408 419 3463 omnis
437 3409 513 3462 borno
531 3406 606 3462 ueiou
621 3407 656 3461 od
668 3406 844 3471 aradiendum,
870 3419 923 3464 etc.

130 3496 198 3556 lline
210 3499 362 3554 auditorem
378 3499 527 3554 moralibus
542 3498 658 3554 instituit
672 3498 826 3568 praeceptis,
841 3507 869 3553 et
881 3513 924 3554 re-

131 3600 173 3647 cte
183 3592 271 3664 primo
283 3592 419 3656 admonet,
428 3606 522 3646 aurem
534 3606 669 3662 quemque
678 3591 759 3646 citius
773 3606 926 3646 accommo

131 3682 196 3741 dare
206 3684 333 3748 docenti,
357 3699 418 3739 sero
437 3692 528 3738 autem
542 3694 574 3739 es
588 3684 622 3739 ad
636 3685 788 3740 docendum
808 3684 924 3754 aperire,

977 2854 1042 2909 bun
1054 2854 1150 2909 salutis
1164 2856 1325 2924 percipiant.
1350 2856 1401 2924 Qui
1420 2858 1491 2912 euim
1507 2875 1561 2913 aon
1573 2859 1691 2914 declinat
1703 2862 1778 2930 prius

978 2962 993 3000 a
1012 2946 1094 3009 nraltr,
1119 2962 1172 2999 noa
1190 2956 1276 3016 protest
1298 2945 1387 3002 lacere
1408 2947 1518 3003 bonum.
1544 2948 1657 3005 Omnem
1678 2952 1777 3021 quippe

979 3039 1190 3101 innmtmlitiam,
1213 3049 1242 3093 et
1254 3038 1346 3093 carnis
1359 3047 1387 3093 et
1399 3041 1495 3095 anirum
1511 3051 1659 3111 nunenpat.
1675 3040 1775 3097 llalitia

976 3221 1076 3291 spicit:
1091 3219 1233 3290 Suscipite,
1247 3219 1344 3289 inquit,
1359 3221 1468 3275 insitum
1481 3221 1599 3288 iterium,
1614 3222 1704 3288 idest,
1717 3239 1777 3278 vcr-

975 3313 1039 3369 bam
1050 3311 1109 3377 liei,
1121 3311 1194 3382 qnod
1208 3310 1306 3366 restris
1320 3311 1458 3377 cordibus,
1470 3313 1643 3382 predicando
1660 3314 1776 3382 imponi-

976 3418 1052 3469 muS,
1076 3417 1124 3457 ros
1139 3402 1268 3457 discendo
1283 3402 1429 3471 suscipite,
1452 3401 1495 3456 rel
1517 3410 1592 3457 certe
1606 3403 1643 3456 ita
1657 3403 1777 3458 sentien-

976 3493 1049 3548 dum.
1072 3491 1190 3546 l'erbum
1207 3491 1279 3560 quod
1299 3492 1375 3546 nobis
1395 3492 1422 3546 in
1437 3493 1480 3547 die
1494 3492 1689 3561 redemptionis
1710 3493 1776 3547 iusi-

976 3595 1033 3640 tum
1049 3594 1099 3649 est,
1114 3600 1168 3654 qno
1181 3584 1333 3639 voluntarie
1351 3585 1443 3654 genuit
1458 3598 1507 3638 nos
1523 3583 1613 3648 Deus,
1633 3583 1690 3652 jam
1704 3600 1776 3637 nurse

976 3677 1122 3748 perfectius
1135 3675 1274 3745 suscipite,
1298 3675 1381 3729 etiam
1396 3674 1524 3745 operibus
1542 3673 1687 3743 implendo,
1704 3673 1775 3743 quod

132 3778 201 3851 qood
215 3774 328 3833 stultum
347 3786 399 3842 est,
414 3777 561 3848 quemlibet
574 3792 634 3847 quse
647 3777 705 3847 ipse
717 3793 770 3833 non
784 3777 925 3841 didicerat,
972 3766 1030 3838 iam
1045 3768 1072 3823 ἰιι
1089 3767 1218 3840 mysterio
1234 3766 1341 3822 tenetls.

66 3932 70 3945 Ι
132 3869 192 3926 aliis
212 3868 282 3925 velle
299 3868 457 3938 praedicare.
483 3867 535 3936 Qui
559 3883 623 3939 ergo
644 3868 803 3938 sapientiam
827 3868 925 3939 diligit,

133 3962 218 4031 primo
231 3968 355 4029 utsupra
371 3960 526 4025 aduromrit,
542 3960 642 4015 banca
661 3958 716 4013 Deo
728 3958 856 4029 postulet.
873 3959 926 4013 lie-

134 4051 194 4107 biae
207 4051 365 4123 tnagistrum
377 4051 500 4105 ueritatis
512 4049 622 4105 bumilis
636 4051 743 4105 auditor
756 4051 887 4120 inquirat,
900 4059 928 4105 et

136 4143 349 4216 interagendum
366 4159 443 4197 suam
457 4142 614 4199 cautissime
629 4142 760 4213 linguam,
775 4159 827 4197 raon
840 4142 927 4199 solum

135 4236 168 4292 ab
178 4236 273 4292 otiosis
287 4237 458 4290 sermonibus
479 4244 625 4300 coerceat,
651 4250 745 4288 rerrrm
760 4244 788 4289 et
807 4236 841 4289 ab
857 4235 926 4304 ipsa,

136 4341 214 4397 quam
237 4342 323 4398 nuper
343 4325 437 4380 didicit
457 4326 573 4381 veritate
590 4326 761 4395 praedicanda
780 4326 925 4381 contineat.

139 4415 202 4474 llmc
216 4417 344 4473 Salomon
359 4417 391 4472 de
403 4416 532 4471 distantia
550 4427 700 4488 temporam
714 4418 850 4482 scribens,
868 4418 925 4473 ait:

139 4504 246 4580 Tempus
263 4508 377 4572 tacendi,
392 4518 415 4561 et
427 4519 527 4579 tempus
542 4507 664 4579 loquendi
680 4508 780 4580 (Ercle,
794 4507 846 4580 ιιι).
861 4510 929 4565 llinc

139 4593 313 4670 Pythagorici,
334 4598 465 4652 naturalis
487 4598 608 4654 scienti-e
631 4598 787 4669 nitigisterio
811 4599 927 4668 prediti,

139 4690 270 4747 auditores
291 4706 355 4746 suos
373 4706 422 4761 per
441 4690 656 4761 quinquennium
667 4689 764 4760 jubent
785 4691 880 4756 silere,
901 4699 929 4763 et

139 4781 174 4836 tie
185 4782 293 4839 demum
304 4781 453 4852 praedicare
467 4781 636 4851 permittunt.

169 4868 204 4925 iit
216 4870 309 4925 tardus
322 4871 357 4924 ad
372 4872 449 4925 intur.
469 4869 537 4938 Quia
553 4871 697 4926 maturitas
710 4872 859 4942 sapientise,
875 4889 927 4928 non

137 4961 185 5019 nin
199 4962 344 5036 tranquilla
355 4973 445 5019 mente
457 4963 615 5034 percipitur.
635 4962 771 5034 Scriptum
786 4974 827 5021 est
840 4966 923 5030 enisu,

137 5054 196 5128 quin
214 5056 256 5109 irs
279 5054 308 5109 in
326 5055 386 5109 sinu
408 5055 481 5109 stulti
499 5056 636 5127 requiescit
661 5055 760 5127 (Eccle.
783 5057 843 5128 ru).
866 5055 925 5112 Non

134 5153 223 5201 sutem
236 5146 274 5200 ita
288 5144 461 5200 velocitatem
476 5146 524 5201 irre
536 5154 621 5211 vetat,
637 5154 665 5201 ut
674 5145 754 5215 hujus
770 5147 926 5202 tarditatem

135 5236 275 5310 approbet,
292 5237 340 5294 scd
357 5237 409 5294 boe
421 5238 511 5308 potius
533 5240 670 5304 admonet,
694 5247 724 5293 ut
744 5248 772 5294 et
784 5238 850 5294 bora
866 5255 929 5310 per-

133 5329 297 5385 turbationis
317 5345 349 5386 ae
362 5329 459 5394 litium,
484 5345 517 5385 ne
538 5331 617 5386 nobis
631 5330 671 5386 ira
691 5331 820 5401 subrepat
832 5346 928 5386 earea-

133 5436 205 5478 mus.
227 5420 281 5476 Aut
294 5421 318 5478 si
336 5421 407 5476 lorte
423 5421 599 5493 subrepserit,
617 5422 687 5477 intra
707 5422 763 5477 oris
778 5431 854 5491 septa
871 5421 929 5490 ejus

130 5510 311 5571 cohibeamus
331 5512 481 5586 impetum,
505 5523 536 5569 ut
559 5523 654 5568 exacta
676 5513 743 5568 liora
764 5513 929 5568 discriminis

1012 3867 1090 3934 erod
1111 3878 1194 3939 potest
1210 3869 1313 3924 soluere
1336 3870 1439 3923 animas
1458 3877 1566 3922 uestras.
1591 3868 1625 3922 Et
1637 3866 1695 3936 jam
1708 3870 1731 3925 si
1747 3871 1775 3926 in

976 3972 1090 4027 corpore
1112 3958 1278 4014 tentationes
1299 3958 1450 4029 patiamini,
1465 3958 1508 4012 rel
1527 3973 1543 4011 a
1563 3959 1674 4027 perlidis
1688 3967 1776 4014 morte

977 4047 1214 4104 consummamini.

1263 4195 1323 4234 blla
1337 4194 1487 4234 exrosmto.

1013 4314 1096 4370 Omne
1112 4315 1205 4368 dotum
1226 4315 1352 4386 optimum
1374 4324 1398 4368 et
1418 4330 1493 4368 onme
1510 4314 1608 4367 dortrtnt
1626 4314 1774 4385 perfectum

978 4404 1115 4459 desursum
1129 4413 1177 4469 cst,
1193 4412 1220 4459 et
1232 4403 1395 4476 generaliter
1409 4400 1442 4459 de
1457 4405 1593 4470 onmtbus,
1608 4413 1636 4460 et
1649 4407 1773 4475 speciali-

940 4475 967 4535 D
981 4502 1023 4549 ter
1038 4494 1071 4551 de
1084 4510 1246 4565 utraquaque
1261 4510 1276 4550 a
1289 4496 1345 4550 Deo
1360 4496 1422 4551 data
1434 4496 1535 4551 virtute
1546 4497 1658 4569 intelligi
1675 4506 1775 4568 potest..

980 4591 1072 4646 Potest
1086 4599 1176 4645 autem
1192 4599 1219 4644 et
1233 4590 1491 4659 specialiter-datum
1503 4591 1635 4659 optimum
1647 4592 1680 4647 de
1692 4594 1776 4646 eonti-

979 4674 1070 4740 nentia
1085 4684 1268 4750 matrimonii,
1292 4692 1320 4738 et
1332 4684 1430 4739 (lenum
1447 4683 1597 4753 perlectum
1617 4686 1650 4740 de
1664 4687 1776 4757 virgini-

979 4783 1035 4831 tate
1049 4774 1171 4845 intelligi.
1190 4773 1256 4828 Nam
1273 4781 1300 4828 ct
1313 4774 1340 4827 in
1357 4774 1484 4843 baptismi
1500 4775 1589 4845 gratia
1602 4775 1695 4830 dutum
1707 4778 1773 4846 opti·

980 4882 1071 4930 mrim,
1092 4874 1119 4919 et
1138 4866 1165 4920 in
1179 4865 1287 4921 datione
1311 4865 1428 4935 Spiritus
1442 4867 1547 4932 saneti,
1571 4867 1669 4922 dorium
1683 4867 1774 4943 perle-

976 4967 1050 5012 ctum
1068 4956 1135 5010 nillil
1150 4955 1240 5012 obstat
1258 4956 1382 5026 intelligi.

1015 5056 1178 5113 liesccndcns
1189 5075 1204 5110 n
1215 5054 1296 5110 Patre
1308 5055 1446 5110 luminum.
1463 5056 1544 5113 Pater
1562 5057 1693 5111 luminum
1706 5058 1774 5113 diei·

978 5157 1022 5205 tur
1035 5149 1117 5213 Deus,
1133 5149 1196 5219 qaia
1208 5149 1242 5204 ab
1255 5149 1313 5216 ipso
1328 5149 1385 5202 sire
1399 5148 1573 5204 invisibilium
1588 5150 1730 5213 luminum,
1745 5161 1775 5204 ιιι

979 5250 1041 5298 sunt
1055 5239 1153 5312 angeli,
1171 5241 1317 5310 dequibus
1334 5240 1360 5294 ia
1376 5240 1509 5312 principio
1523 5243 1590 5296 dixit
1605 5241 1695 5297 Deus:
1711 5239 1773 5294 Fiat

980 5333 1036 5397 lua,
1061 5333 1117 5388 sire
1130 5333 1282 5387 animarum
1298 5332 1403 5387 illarum
1423 5334 1521 5402 quibus
1543 5334 1582 5393 ait
1601 5332 1698 5387 iesus:
1723 5329 1773 5384 l'os

980 5423 1041 5476 estis
1057 5419 1103 5474 lur
1115 5421 1217 5475 nsandi.
1242 5420 1295 5476 Seu
1310 5421 1453 5477 risibilimn
1469 5422 1532 5478 solis
1545 5431 1572 5475 et
1587 5421 1655 5473 lutrae
1669 5426 1697 5472 et
1709 5418 1775 5473 stel-

982 5513 1080 5577 larum,
1097 5513 1259 5584 generaliter
1273 5515 1363 5569 omnia
1376 5514 1448 5569 lancta
1460 5525 1523 5569 sum
1535 5512 1636 5567 luruina

130 5605 249 5664 liberius
259 5622 320 5665 eam
334 5608 369 5665 sd
385 5608 546 5681 integruma
561 5605 642 5662 eorde
656 5615 750 5662 nostro
763 5620 812 5676 per
823 5612 929 5676 tempus
1017 5605 1095 5677 Apud
1111 5621 1187 5676 quem
1205 5624 1257 5662 non
1276 5618 1314 5661 cst
1335 5606 1530 5662 transmutatio.
1556 5602 1614 5657 lion
1629 5602 1702 5659 enlm
1715 5620 1775 5660 mu·

132 5713 329 5774 upurgemus.
342 5700 391 5758 ret
402 5710 476 5758 certe
490 5699 580 5758 tardos
592 5699 627 5755 ad
639 5699 707 5755 iram
721 5713 770 5757 nos
783 5713 844 5756 esse
858 5714 928 5769 prse-
984 5699 1085 5756 labitur
1099 5698 1145 5770 qut
1161 5699 1228 5754 ιιῑιιῑι
1243 5717 1249 5752 :
1267 5697 1323 5768 Epo
1336 5715 1395 5753 snm
1407 5697 1452 5768 qut
1463 5711 1521 5750 sum
1537 5693 1638 5768 (Esca.
1652 5694 1705 5769 ιιι).
1722 5695 1776 5754 llo
