3810 6120
131 286 184 349 err
683 287 689 298 ·
768 285 943 348 surmont
963 261 1107 345 mnatre
1709 274 1768 338 ets

129 410 257 465 animam.
273 405 319 463 Sic
330 407 402 465 enim
414 402 484 461 Deus
498 414 592 461 auctor
606 410 705 461 nostre
720 397 814 461 salutis
833 410 861 458 et
872 418 919 473 pa·
931 405 958 466 Α
970 401 1059 455 dicens
1070 415 1079 453 :
1092 396 1224 455 Descende
1236 397 1263 452 in
1277 396 1383 451 domum
1405 395 1472 466 repis
1496 393 1581 459 iudo,
1605 403 1628 448 et
1649 393 1768 465 tenereris

128 503 169 559 cis
181 503 208 555 in
219 498 365 569 Evangelio
377 499 416 552 ait
438 516 444 552 :
466 496 499 553 ln
516 499 642 568 patientie
654 509 738 553 eostre
756 495 920 568 possidebitis
972 495 1009 550 ili
1022 494 1125 550 uerbum
1143 492 1204 559 boc,
1220 500 1245 547 et
1264 492 1335 545 dicer
1350 503 1359 543 :
1374 488 1442 545 dudi
1458 489 1562 542 nereum
1582 485 1702 553 Domini,
1719 504 1769 543 ren

129 593 231 647 animos
249 599 345 648 uestros
358 588 432 658 (Luc.
458 603 514 655 uxr,
535 589 591 658 ts).
607 588 733 644 Salomon
751 602 859 658 quoque
877 586 919 642 di·
969 584 1055 654 iudo,
1072 586 1116 657 qui
1130 583 1204 640 sedes
1223 600 1301 655 super
1315 580 1411 636 solium
1434 578 1540 634 Dauid:
1556 588 1585 635 tu
1598 589 1622 634 et
1633 581 1701 635 serui
1713 581 1767 647 tui,

128 683 166 738 cit
181 700 187 735 :
203 680 390 745 Doctriuoeiri
414 697 459 751 per
477 681 574 751 perient
580 683 629 734 'um
654 681 777 744 noscitur,
797 689 821 733 et
836 678 921 749 pierio
970 686 995 732 et
1008 675 1120 749 populus
1132 684 1201 739 tuus,
1215 674 1260 745 qui
1273 669 1439 742 inpredimini
1448 685 1495 739 per
1506 677 1595 739 portos
1610 668 1685 723 istos.
1698 668 1768 723 lioee

128 775 186 845 einr
206 782 243 826 est
257 773 347 841 iniquo
368 771 534 842 precterpredi
557 769 648 843 (Pron.
669 786 731 834 xta,
747 769 803 839 ll).
822 768 921 824 Paulus
970 767 1033 821 dicit
1045 766 1172 820 Dominus
1184 779 1193 818 :
1205 763 1298 819 Facite
1308 761 1440 833 judicium
1459 768 1482 814 et
1493 760 1637 831 justitium,
1658 771 1683 816 et
1702 756 1770 816 libe-

128 878 236 935 ortoque
250 863 289 924 ait
305 880 311 916 :
327 861 434 916 induite
445 878 488 917 uos
508 878 568 932 erpo
581 862 648 915 sicut
665 860 739 915 electi
751 858 811 923 Ilei,
824 853 920 922 suncti,
970 868 1027 912 rete
1040 858 1064 913 ui
1078 871 1228 928 oppressum
1252 855 1285 910 de
1309 868 1389 908 manu
1414 850 1622 917 coiuntnintorir,
1636 861 1661 907 et
1687 853 1769 908 odoe-

128 963 153 1010 et
170 953 259 1008 dilecti
274 954 372 1007 uiscera
393 952 587 1016 misericordior,
603 951 796 1022 berrinnitotem,
815 946 922 1003 lrumili-
971 964 1042 1014 nem,
1054 956 1077 1002 et
1091 946 1228 1018 pupillum,
1242 955 1266 999 et
1284 944 1389 999 uiduam
1406 941 1485 996 nolite
1505 942 1666 1005 contristari,
1683 959 1769 1014 neque

128 1054 218 1111 tutem,
231 1045 396 1109 modestiam,
416 1044 580 1114 potientium,
604 1051 785 1113 supportantes
802 1041 919 1101 inuicem,
972 1041 1125 1111 opprimatis
1137 1041 1225 1110 inique
1236 1052 1244 1090 .·
1256 1048 1280 1092 ει
1291 1037 1444 1106 senpuinem
1461 1034 1625 1089 innocentem
1636 1051 1668 1089 ne
1682 1035 1771 1104 effun-

128 1146 153 1194 ει
175 1135 303 1190 donanter
327 1133 512 1203 uobismetipsis
532 1135 556 1187 ri
578 1134 636 1204 quis
658 1132 784 1187 aduersus
808 1129 921 1200 aliquem
971 1130 1040 1185 dotis
1053 1131 1081 1184 in
1094 1129 1222 1184 loreisto.
1238 1127 1267 1181 Si
1287 1127 1355 1181 eninr
1378 1126 1503 1195 [scienter
1524 1123 1638 1193 feceritis
1658 1124 1770 1179 serlum

47 1241 50 1247 ’
129 1229 206 1284 Ιιιιιει
221 1226 375 1298 querelem:
390 1225 457 1278 sicut
474 1223 602 1278 Dominus
624 1224 730 1277 donauit
744 1221 824 1284 rolris,
842 1221 881 1274 ito
898 1226 922 1272 et
971 1220 1053 1284 istud,
1072 1220 1251 1290 inpredientar
1270 1233 1316 1288 per
1329 1214 1524 1287 pertendemus
1544 1213 1624 1283 bajus
1635 1229 1707 1283 repes
1722 1229 1770 1268 se·

130 1327 173 1372 tor
188 1316 301 1388 (dolose.
321 1330 363 1380 ιιι,
386 1315 420 1368 li
440 1324 464 1369 et
478 1312 571 1385 reon).
583 1311 652 1367 Nem
667 1313 738 1383 quod
759 1320 787 1366 ει
805 1311 856 1366 ista
869 1309 923 1363 uir·
971 1311 1060 1367 denter
1070 1311 1102 1365 de
1113 1320 1187 1381 pente
1201 1307 1296 1371 Dauid,
1316 1323 1394 1377 super
1412 1305 1654 1375 chrononensem
1673 1322 1770 1361 omn·

131 1414 174 1464 ttrs
198 1405 351 1477 principum
369 1405 455 1460 uirtus
469 1404 513 1469 sit,
530 1402 657 1460 Salomon
671 1403 699 1458 in
711 1401 867 1459 Proverbiis
883 1408 921 1455 te·
971 1401 1060 1457 denter
1074 1417 1167 1457 currus
1180 1410 1204 1455 et
1214 1416 1304 1470 equos,
1316 1399 1364 1469 ipsi
1376 1406 1399 1452 et
1414 1398 1491 1462 serui,
1503 1405 1526 1450 et
1539 1396 1650 1468 popalus
1662 1413 1768 1453 eorum.

130 1507 226 1563 statur,
250 1499 342 1553 dicens
356 1515 362 1550 :
377 1493 510 1550 Patientia
532 1494 629 1549 lenitur
642 1495 771 1564 princeps,
787 1501 810 1547 et
828 1491 923 1561 linpuo
973 1495 1050 1562 Quod
1061 1493 1145 1551 elnon
1157 1493 1292 1548 audieritis
1313 1492 1390 1547 uerbo
1414 1492 1489 1559 lme3
1506 1493 1535 1547 in
1549 1493 1700 1564 meantium
1719 1493 1770 1564 ju·

130 1590 216 1647 mollis
231 1589 328 1659 sranpit
347 1588 470 1641 duritiem
495 1585 586 1658 (Pron.
612 1600 674 1650 xxv,
700 1580 754 1656 tl).
779 1583 924 1654 Apostolus
973 1586 1039 1651 runi,
1053 1585 1116 1640 dicit
1132 1583 1269 1648 Dominus,
1288 1583 1351 1654 quie
1375 1582 1403 1636 in
1425 1582 1593 1637 solitudinem
1607 1584 1657 1639 erit
1671 1581 1769 1636 domus

129 1685 195 1735 'vero
209 1680 243 1734 ad
257 1679 365 1732 eosdem
380 1676 517 1747 principes
536 1677 646 1741 clamat,
661 1676 755 1731 diceus
771 1693 777 1728 :
794 1673 922 1743 corripite
974 1676 1028 1731 bne
1040 1674 1148 1746 (larem.
1163 1691 1234 1742 xxu,
1249 1673 1316 1743 1-5).
1332 1674 1418 1744 Dilige
1434 1690 1498 1746 ergo
1507 1673 1653 1744 justitiam,
1666 1688 1729 1741 rex,
1743 1671 1770 1731 si

130 1771 268 1842 inquietes,
292 1768 462 1823 consolamini
488 1767 677 1839 pusillanimes,
702 1766 824 1836 suscipite
848 1764 922 1832 infir·
936 1755 959 1816 B
973 1766 1015 1821 vis
1034 1774 1164 1834 perpetua
1182 1762 1234 1819 lrui
1248 1764 1315 1830 rita,
1336 1764 1359 1820 si
1381 1765 1566 1820 dehonorari
1589 1764 1616 1819 in
1634 1773 1769 1834 perpetuo

131 1875 197 1926 mos,
212 1860 338 1931 potientes
351 1867 432 1912 estote
442 1858 476 1911 ed
491 1874 579 1912 omnes
593 1856 618 1928 (l
635 1856 724 1910 Τιιεεε.
736 1872 762 1920 v,
779 1855 833 1926 ll).
846 1853 922 1909 laco·
971 1858 1006 1912 ab
1017 1870 1060 1911 ea.
1077 1855 1213 1926 Scriptum
1226 1863 1269 1911 est
1281 1857 1353 1912 euim
1367 1874 1373 1910 :
1390 1854 1419 1910 Si
1430 1853 1544 1928 mquerlr
1559 1856 1706 1925 juditium,
1720 1871 1769 1926 ep·

130 1948 392 2019 busapostolusait:
405 1945 538 2001 Patientia
551 1945 865 2016 nutemopurperseetum
878 1944 922 1997 le·
971 1949 1113 2019 menander
1127 1948 1213 2014 illem,
1227 1957 1250 2003 et
1270 1947 1362 2003 indues
1374 1945 1450 2018 quusi
1469 1946 1591 2018 poderem
1607 1945 1727 2014 ιιεεοιίε,
1742 1956 1768 2002 et

131 2037 441 2108 iet:utsitirpersectiet
455 2038 597 2108 intepri,in
609 2027 936 2106 nullodefieientesllor.'
971 2033 1127 2094 lnlrobitoiis
1147 2052 1207 2091 cum
1228 2054 1269 2103 err,
1294 2045 1318 2092 et
1341 2045 1453 2107 proteprt
1476 2046 1501 2091 te
1525 2037 1552 2090 in
1567 2036 1768 2105 sempiternum,

132 2139 153 2196 t,
165 2125 204 2202 lli
220 2130 311 2185 Virtus
319 2141 383 2200 ergo
397 2143 456 2198 qum
468 2127 534 2183 lenit
544 2126 689 2198 principes,
705 2133 734 2181 et
746 2125 826 2181 docet
837 2124 923 2179 eorri-
972 2140 996 2186 er
1015 2132 1043 2185 tn
1065 2130 1108 2185 dte
1128 2130 1269 2202 agnitionis
1292 2129 1406 2183 inuenies
1428 2129 1623 2199 firmamentum
1654 2119 1755 2192 (Ereti.

132 2235 196 2292 pere
209 2220 354 2290 inquietos,
368 2227 396 2273 et
406 2231 473 2289 opus
483 2217 616 2288 regumad
627 2214 774 2287 perlectum
788 2213 921 2286 perducit,
972 2219 1112 2298 ffl11‚9),·

131 2313 191 2369 ⁸5⁰²
206 2310 287 2366 dubl⁰
300 2309 386 2371 illidi
405 2317 447 2364 0⁸²
468 2308 551 2378 Γθιιῑθ·
562 2306 687 2362 'Ambuli
709 2321 774 2377 ⁰¹8⁰
788 2320 837 2374 W
850 2319 921 2368 0³¹¹¹2
1008 2315 1048 2370 'lu
1062 2329 1128 2385 ergo
1141 2327 1204 2369 cum
1218 2312 1257 2368 sis
1277 2325 1326 2366 rex
1339 2311 1367 2366 in
1383 2318 1468 2375 terra,
1483 2315 1513 2363 ut
1536 2308 1574 2364 sis
1588 2305 1660 2362 llius
1684 2302 1769 2377 llegis

131 2403 275 2459 mitissime
295 2416 354 2466 rex,
369 2409 396 2456 et
415 2401 495 2472 dilige
508 2414 580 2466 eam,
596 2400 659 2470 quia
673 2414 788 2455 currens
800 2414 849 2469 per
861 2412 922 2453 eam
973 2407 1000 2462 in
1025 2404 1106 2470 coelo,
1123 2402 1204 2474 dilige
1214 2401 1346 2472 judicium
1365 2408 1393 2457 et
1409 2400 1552 2472 iustitiam.
1572 2397 1683 2454 Imitare
1701 2409 1769 2466 ope·

132 2507 185 2548 lton
198 2492 308 2547 habebis
325 2491 524 2555 offendiculum,
548 2492 595 2546 sed
614 2489 721 2560 plenum
744 2498 772 2546 el
789 2498 923 2545 murnum
973 2497 1049 2554 pibus
1062 2511 1144 2570 quem
1156 2495 1264 2552 Pellem
1279 2494 1382 2551 clamas
1393 2492 1574 2550 sermonibus.
1589 2491 1676 2563 Dilige
1686 2488 1769 2559 justi·

28 2649 31 2655 ,
133 2585 159 2640 iu
171 2582 261 2638 luturo
273 2582 396 2637 invenies
416 2581 552 2653 gaudium.
575 2581 669 2652 lingua
690 2581 763 2636 enim
782 2589 824 2636 est
837 2581 924 2637 virtus
974 2588 1039 2644 unm
1053 2596 1082 2644 et
1102 2602 1217 2658 operam
1229 2582 1257 2640 in
1272 2600 1318 2652 ea;
1334 2585 1398 2654 qiua
1418 2583 1499 2639 Pater
1513 2591 1576 2639 tuus
1589 2582 1714 2638 coelestis
1728 2578 1771 2639 di·

132 2675 272 2746 patientia,
293 2689 352 2744 oure
373 2674 514 2730 laedentem
535 2688 565 2729 εε
586 2686 640 2728 nou
654 2672 738 2740 laedit,
751 2673 798 2730 sed
819 2673 921 2744 diligit3
973 2675 1032 2750 tigit
1044 2685 1072 2734 et
1090 2675 1259 2747 operatoria
1269 2689 1312 2730 ea.
1326 2674 1386 2745 lpse
1400 2674 1473 2729 enirn
1486 2673 1524 2728 ait
1535 2688 1583 2744 per
1596 2670 1769 2728 ieremiam:

131 2782 193 2840 nure
213 2767 351 2838 injurianti
373 2762 485 2838 iniurias
507 2766 629 2832 remittit,
650 2780 703 2820 nou
718 2765 822 2832 reddlt;
840 2763 922 2837 [quae]
974 2767 1032 2839 Epo
1047 2783 1106 2822 sum
1119 2765 1249 2822 Dominus
1263 2764 1309 2836 qui
1334 2763 1406 2834 {ecio
1429 2761 1637 2818 mirericordiam
1649 2770 1675 2817 et
1693 2759 1772 2832 jutt-

128 2861 175 2916 ἐει
189 2876 288 2917 εεεειε
300 2869 391 2932 potest
410 2874 463 2914 non
488 2868 576 2925 nocet,
601 2857 648 2914 sed
668 2858 766 2927 parcit.
791 2856 924 2914 Patientia
975 2859 1045 2913 dum
1059 2867 1084 2913 et
1099 2857 1234 2928 justitium
1251 2855 1280 2909 in
1300 2864 1372 2909 terro
1388 2869 1397 2908 :
1413 2855 1468 2910 bor
1483 2855 1552 2908 enlm
1564 2854 1669 2925 plorent
1692 2852 1770 2916 utut.

131 2959 174 3008 est
187 2966 247 3022 qum
269 2967 318 3007 nos
341 2951 397 3008 lleo
420 2950 601 3014 commendat,
618 2957 678 3005 eta
702 2947 780 3004 malis
799 2948 925 3005 omnibus
975 2951 1013 3004 uit
1028 2949 1156 3004 dominus
1183 2946 1292 3019 (inem.
1306 2962 1347 3013 rx,
1363 2945 1421 3019 il).
1441 2943 1516 3002 Totis
1539 2946 1642 3001 viribon
1658 2944 1773 3001 tuisde·

132 3043 249 3099 custodit
264 3051 400 3098 etservat.
416 3043 475 3111 lpsa
489 3050 531 3097 est
546 3057 606 3111 qun
626 3043 694 3097 iram
708 3049 854 3111 temperat;
867 3041 925 3110 ipsa
976 3038 1025 3097 bes
1048 3041 1149 3096 imitari
1169 3038 1255 3107 illum,
1277 3054 1339 3096 cum
1361 3054 1414 3109 quo
1429 3038 1667 3110 sperasrirerein
1689 3046 1774 3094 reter-

132 3140 175 3188 εει
197 3146 257 3202 qum
283 3132 401 3202 linguam
426 3131 557 3196 relrenat;
581 3132 639 3201 ipsa
665 3139 708 3187 est
727 3146 787 3201 quae
806 3129 960 3191 mentemC
976 3149 1050 3188 num.
1063 3131 1109 3187 Sic
1128 3132 1200 3188 euim
1216 3131 1345 3188 Dominus
1357 3146 1405 3200 per
1421 3131 1580 3201 prophetam
1599 3129 1773 3185 Ezechielem

131 3224 279 3294 gubernem
292 3222 349 3292 ipsa
361 3229 402 3277 εει
416 3237 476 3292 quae
486 3236 580 3292 pacem
591 3222 725 3286 eustodit;
739 3223 796 3294 ipsa
807 3230 849 3278 est
867 3236 927 3291 qrrae
977 3226 1037 3280 ait:
1058 3220 1137 3279 Virri
1152 3223 1232 3294 suern
1241 3222 1344 3293 justus,
1356 3230 1381 3275 et
1397 3221 1486 3292 {erent
1496 3219 1631 3291 judicium
1650 3230 1677 3275 et
1687 3221 1772 3290 ,iusti-

132 3311 301 3381 disciplinam
325 3311 463 3368 moderate
481 3313 598 3383 pelagia
620 3312 678 3381 ipsa
697 3312 817 3370 libidinis
842 3312 928 3382 impc-
976 3317 1051 3381 tiam,
1070 3316 1098 3370 in
1114 3315 1245 3370 montibus
1261 3330 1312 3368 non
1326 3312 1477 3377 comederit,
1496 3319 1520 3365 et
1537 3309 1626 3364 oculos
1640 3327 1704 3364 suos
1717 3327 1772 3364 non

134 3412 190 3459 tum
204 3404 319 3476 frangit:
339 3405 397 3474 ipsa
418 3404 518 3460 luroris
539 3405 693 3461 violentiam
708 3406 871 3478 comprimit,
886 3407 927 3461 in·
975 3409 1099 3465 leuauerit
1113 3407 1149 3462 od
1164 3404 1236 3461 idolo
1257 3405 1350 3460 domur
1365 3402 1450 3460 lsrael
1465 3416 1474 3456 ε
1488 3412 1513 3458 et
1531 3417 1640 3457 onorem
1654 3404 1772 3473 proximi

131 3493 259 3549 cendium
286 3493 432 3549 simultatis
457 3495 620 3566 exstinguit,
645 3505 754 3552 coercet
778 3498 926 3567 potentiam
976 3502 1018 3557 rui
1032 3517 1084 3556 non
1101 3498 1245 3564 aiolomrit,
1267 3496 1339 3553 etad
1359 3494 1494 3551 mulierem
1515 3492 1703 3548 menstrualem
1719 3509 1772 3547 non

132 3584 257 3647 diuitum,
280 3583 384 3640 reloret
405 3585 522 3656 inopiam
547 3601 705 3656 pauperum,
725 3585 790 3642 lacit
810 3587 927 3643 humiles
977 3593 1131 3657 arcerserit;
1146 3600 1171 3645 et
1184 3590 1316 3644 nominem
1330 3605 1382 3643 nen
1396 3586 1604 3650 contristaverim
1620 3586 1716 3655 pipam
1729 3585 1774 3639 de-

133 3672 161 3728 in
172 3675 318 3744 prosperis,
339 3674 423 3731 iortes
448 3676 475 3731 in
499 3677 632 3742 aduersis,
647 3684 742 3732 contra
763 3677 877 3747 iujurias
898 3686 926 3733 ct
977 3685 1055 3740 errori
1069 3683 1229 3747 reddiderim
1245 3691 1269 3737 er
1284 3681 1385 3739 nudum
1396 3679 1525 3749 operareris
1535 3679 1688 3734 nenimerno
1701 3691 1711 3730 :
1725 3695 1774 3748 po·

29 3823 31 3826 ι
133 3763 311 3820 wulumellds
331 3766 421 3832 miles·
446 3766 609 3822 ῑθΰῑθῑῑθῦθὸ
631 3776 776 3838 expugnat,
801 3783 928 3839 persecu·
977 3794 1036 3833 nem
1049 3774 1265 3832 enumerarienti
1283 3773 1398 3838 dederit,·
1421 3772 1533 3843 peruim
1550 3770 1615 3824 nilril
1637 3770 1773 3839 rapuerim

135 3854 222 3909 tiones
244 3854 351 3909 tolerat.
367 3854 425 3925 lpsa
438 3863 480 3912 εει
491 3872 551 3926 quae
563 3856 624 3911 lidci
640 3864 739 3912 nostrae
752 3856 926 3913 fundamenta
977 3866 1012 3921 au
1031 3881 1140 3922 usuram
1159 3881 1212 3920 nan
1232 3861 1445 3926 commodaverit,
1470 3871 1495 3915 ct
1515 3859 1629 3932 emplius
1654 3875 1708 3913 non
1726 3874 1774 3932 ec·

134 3947 241 4003 iortiter
251 3949 354 4013 munit;
371 3949 427 4019 ipsa
441 3959 483 4005 est
503 3965 563 4020 qum
578 3950 743 4006 incrementa
758 3951 816 4022 spei
827 3961 927 4008 nostrm
977 3957 1094 4028 ceperim
1122 3955 1155 4011 ol
1182 3955 1321 4026 iniquitate
1352 3953 1473 4008 auerterit
1504 3952 1600 4023 leden
1624 3967 1719 4017 tuum,
1747 3958 1773 4005 et

134 4038 286 4095 sublimiter
307 4041 446 4108 provebit;
472 4041 528 4110 ipsa
556 4058 605 4098 uos
629 4049 658 4097 ut
680 4052 772 4098 tenere
793 4043 928 4112 possimus
979 4047 1106 4104 iudicium
1121 4062 1211 4100 uerum
1222 4045 1310 4114 lecerit
1323 4043 1391 4098 inter
1405 4044 1490 4097 uirum
1509 4053 1533 4098 et
1546 4043 1648 4108 ulrum,
1663 4044 1770 4113 inpre-

82 4127 87 4136 '
134 4129 206 4184 tiam
221 4128 332 4196 Christi,
349 4132 496 4203 [reubernat3
521 4133 579 4203 ipsa
599 4141 630 4189 ut
645 4133 692 4189 nbi
707 4134 754 4189 bet
768 4150 926 4206 perseuere—
977 4137 1057 4209 ceptis
1072 4137 1136 4191 mels
1147 4133 1329 4199 ambulaverit,
1343 4142 1368 4188 et
1385 4132 1491 4204 judicio
1503 4148 1562 4186 mea
1574 4132 1730 4187 custodierit
1742 4140 1771 4186 rt

136 4228 206 4286 urus,
221 4221 374 4277 ooulrrmat.
978 4228 1059 4299 {ceint
1076 4227 1221 4291 ueritatem,
1238 4224 1279 4278 iric
1287 4224 1379 4294 justus
1396 4233 1445 4290 est,
1464 4224 1517 4278 uita
1529 4224 1603 4288 meet,
1619 4225 1658 4279 eit
1677 4223 1772 4278 Domi·

171 4308 248 4367 llam
265 4327 331 4383 ergo
350 4328 421 4378 ama,
441 4327 499 4380 rer,
512 4313 650 4380 virtutem,
669 4316 739 4373 hanc
753 4316 844 4388 dilige,
858 4316 928 4372 banc
978 4335 1027 4376 nur
1043 4317 1153 4390 (lineri.
1179 4331 1258 4380 xrru,
1274 4315 1342 4386 ss).
1360 4316 1446 4385 Dilige
1467 4329 1544 4386 ergo,
1561 4329 1619 4379 rex,
1634 4314 1771 4386 justitiam

134 4408 197 4457 tum
217 4403 314 4473 gaudio
327 4413 355 4458 et
368 4406 432 4461 totis
453 4405 556 4461 viribus
580 4405 705 4475 amplecti
728 4406 837 4463 lestina.
857 4406 928 4463 Vere
978 4406 1161 4477 etjudieium,
1177 4421 1237 4477 quae
1257 4407 1353 4462 estvia
1367 4406 1452 4477 regia,
1467 4415 1526 4461 ets
1548 4406 1687 4475 prioribus
1702 4406 1772 4478 repi-

135 4494 207 4548 euim
221 4495 295 4564 regia
315 4495 357 4550 ria
379 4505 431 4563 est,
446 4507 474 4552 et
486 4513 535 4568 per
548 4510 578 4553 se
590 4498 744 4565 gradientes
766 4498 881 4554 feliciter
894 4499 927 4553 ad
942 4497 1030 4556 Dbus
1056 4497 1205 4568 antiquitus
1228 4496 1302 4551 trita.
1328 4494 1382 4551 Per
1398 4510 1459 4550 eam
1483 4494 1649 4552 desiderium
1670 4497 1771 4553 bonnm

138 4594 250 4653 regnum
280 4585 403 4655 perducit
426 4594 567 4642 aeternmn.
598 4587 669 4642 Cave
692 4603 727 4643 ne
750 4589 869 4646 declines
896 4590 929 4644 ad
976 4589 1059 4660 justis
1077 4585 1773 4659 dabitur;peresmdeangustia1'ustiliberabun-

136 4669 278 4727 dexteram
293 4682 339 4729 aut
360 4675 394 4731 ad
404 4675 554 4731 sinistmm.
570 4674 645 4733 Scito
657 4677 720 4746 quia
734 4678 804 4734 sieut
824 4678 929 4732 bomini
981 4693 1040 4748 ruffi
1056 4696 1104 4752 per
1120 4696 1180 4737 eam
1194 4695 1287 4737 semen
1303 4693 1397 4735 eorum
1412 4678 1439 4734 in
1453 4688 1584 4736 aeteruum
1596 4677 1771 4744 laudabilem

137 4774 180 4822 est
192 4764 292 4821 bonum
303 4768 443 4840 patientia,
457 4769 495 4824 ita
506 4768 605 4825 diaboli
617 4769 718 4824 malum
733 4778 776 4825 est
789 4770 930 4839 irnpatien-
980 4790 1029 4845 per
1040 4774 1111 4830 illam
1126 4775 1224 4829 domus
1235 4787 1329 4828 eorum
1344 4770 1487 4840 plurimam
1503 4769 1620 4841 accipiet
1633 4770 1771 4827 toronu-

139 4854 187 4909 tia.
202 4854 237 4911 Ει
255 4857 323 4912 siout
338 4857 383 4913 ille
397 4858 424 4914 iu
436 4873 491 4930 quo
505 4857 639 4914 inhabitat
650 4865 678 4913 ει
689 4864 782 4913 manet
794 4858 928 4925 Christus,
980 4880 1052 4920 nom.
1067 4864 1142 4919 luam
1163 4864 1279 4920 tenendo
1296 4863 1348 4918 erit
1370 4862 1499 4917 memoria
1510 4861 1591 4932 justis
1604 4876 1668 4916 cute
1684 4861 1772 4916 laudi·

139 4948 245 5018 patiens
259 4949 411 5018 insonitum
427 4953 464 5008 ita
490 4953 633 5024 impatiens
648 4968 753 5023 semper
776 4953 820 5009 ille
839 4955 931 5010 existit
980 4955 1045 5019 ban
1069 4953 1144 5009 illam
1158 4952 1297 5023 sequendo
1312 4951 1401 5007 sancti
1418 4951 1591 5021 diligentura
1606 4948 1680 5015 um,
1698 4949 1772 5006 illam

139 5034 216 5106 cuius
238 5046 355 5094 mentem
379 5041 477 5098 diaboli
498 5043 620 5114 nequltia
645 5043 776 5114 possidet.
794 5040 834 5099 Tu
855 5059 929 5110 uero,
980 5046 1157 5102 custodiendo
1176 5044 1368 5099 exaltabuntur
1390 5044 1424 5099 ab
1446 5057 1494 5107 oo;
1510 5041 1584 5097 illam
1600 5042 1771 5099 obseruando

141 5137 202 5195 tex,
216 5130 320 5199 regiam
332 5131 404 5186 viam
421 5140 492 5198 tene,
512 5142 541 5189 et
558 5151 611 5190 non
626 5135 745 5191 declines
769 5135 803 5189 ab
816 5150 859 5199 ea,
884 5136 931 5191 scd
981 5134 1232 5192 honorificabuntur
1252 5134 1288 5190 ab
1309 5149 1361 5199 eo;
1383 5132 1467 5190 inilia
1482 5132 1589 5191 fldeudo
1602 5134 1708 5202 absque
1720 5143 1772 5190 ter-

141 5219 194 5280 lsta
210 5224 280 5281 lelici
296 5226 426 5295 maraque
439 5227 549 5294 uirtute,
563 5230 590 5283 in
613 5244 672 5283 enm
692 5244 752 5299 quim
767 5227 931 5297 vocatoria*
983 5226 1218 5296 roreemntquasi
1233 5223 1285 5280 leo.
1296 5223 1463 5280 Labmautes
1474 5223 1502 5281 in
1513 5239 1545 5280 ea
1555 5223 1771 5280 benedictionem

142 5317 228 5385 stitia,
241 5311 357 5375 actionis
372 5327 424 5373 tue
438 5316 553 5375 leliclter
565 5335 635 5391 pone
648 5323 752 5391 podera.
982 5324 1182 5384 consequentur
1194 5323 1340 5380 uternam,
1365 5323 1508 5384 operantes
1520 5329 1583 5369 oum
1604 5314 1650 5371 ills
1671 5331 1772 5372 meree-

407 5426 542 5486 cppflp
571 5429 659 5484 unp,
982 5411 1044 5468 dem
1054 5406 1490 5480 ac'clplentsempiternammicat
1499 5403 1772 5477 scriptumestzbr·

452 5499 491 5554 lte
499 5498 616 5569 justitie.
985 5505 1022 5557 tio
1030 5503 1076 5558 Dei
1084 5511 1220 5572 permonet
1225 5501 1318 5572 justis,
1328 5510 1353 5555 et
1361 5499 1506 5554 benedictio
1524 5500 1582 5568 eius
1590 5498 1619 5552 in
1626 5495 1770 5552 mercedest

179 5591 254 5660 Quod
269 5589 359 5662 regale
378 5590 415 5646 sit
427 5585 544 5647 ollioium
562 5589 649 5646 lacere
668 5588 801 5659 iustitiam
821 5599 850 5646 et
865 5585 932 5659 judi·
985 5596 1041 5666 rjar
1050 5593 1264 5666 lertirrotlliccli.
1275 5609 1313 5661 ει,
1325 5592 1434 5662 llil).
1445 5591 1508 5647 llaec
1523 5599 1566 5647 est
1576 5591 1620 5645 ria
1629 5589 1772 5659 reginper

147 5681 229 5748 eiuro,
246 5683 377 5742 ieremias
395 5692 518 5750 testatur,
536 5684 933 5757 ubirdtprueepitllominua,
985 5704 1076 5758 quarn,
1093 5705 1152 5756 rex,
1173 5688 1300 5760 gradiens
1325 5686 1382 5742 cito
1399 5684 1542 5755 putemus
1572 5682 1606 5738 ad
1639 5688 1772 5750 perpetus
