3810 6120
122 304 179 364 955
588 289 592 295 ’
775 285 951 344 suentem
971 285 1115 343 nuntiis
1181 272 1191 282 ’
1703 279 1761 341 058

125 424 161 482 ge
173 420 330 477 emersione
340 412 402 485 ‘piei
414 411 425 486 (
435 407 525 466 Gelai.
538 423 583 470 rr.
596 403 664 462 t-td
673 401 695 478 i.
708 402 836 458 Salomon
849 415 917 470 (ιιιο-
929 402 955 465 A
966 415 1076 470 greges,
1091 398 1163 452 eitra
1178 413 1268 452 οιιιιιιι
1280 396 1326 468 pei
1339 392 1444 465 inerant
1458 405 1519 458 ente
1531 410 1573 451 nte
1585 397 1614 451 in
1626 394 1761 451 llierxtao-

126 530 180 590 qug
196 516 253 570 ,ιη
269 511 321 578 Qui
337 508 447 562 „minat
464 502 646 572 iniquitatem,
663 505 740 551 metet
759 493 840 550 meio.
863 492 916 558 Qei
966 487 1027 544 iens
1043 489 1078 544 lit
1092 489 1147 543 eidi
1159 490 1187 544 in
1201 490 1242 544 itit
1256 489 1376 544 omnibus
1393 490 1535 547 reniterent
1550 498 1576 544 et
1592 490 1762 561 uplirtionent

126 621 226 682 mm„
250 611 289 657 „p
312 599 347 655 aa
373 593 597 656 misericordium,
625 588 791 644 benedicetur
813 584 915 658 (Preti.
966 580 1066 643 enimi,
1079 589 1104 633 et
1119 579 1185 633 eiiii
1197 577 1411 649 permonereeei
1426 576 1607 648 reieiis'ceie.
1624 576 1761 650 int-tt).

128 712 186 753 ω,
215 695 273 748 Μ
285 692 304 762 ),
318 692 393 754 Esto,
406 702 466 750 rer,
481 698 584 754 pronus
598 682 630 736 ud
645 677 871 742 misericordiam,
885 682 916 731 ut
1001 671 1106 741 Largae
1122 671 1195 726 enim
1212 670 1320 726 divitias
1339 670 1567 742 Psalnngrapuus
1585 669 1689 724 hebere
1704 682 1764 723 non

128 736 260 842 mere'aris
280 799 295 837 u
320 783 375 836 Deo
399 780 522 846 occipere
545 775 683 846 gratiam:
705 770 807 826 semina
827 767 917 823 dendo
967 763 1095 828 damnet,
1112 763 1159 818 sed
1174 777 1208 816 ne
1227 778 1274 818 cor
1291 762 1343 818 illis
1360 772 1511 831 apponatur
1527 769 1612 817 vetat.
1630 760 1691 816 Non
1709 761 1763 817 tilii

128 876 292 949 pauperibus
307 873 334 927 in
348 869 476 941 presenti
489 866 604 930 saeculo,
619 879 681 933 quse
694 863 751 932 ipse
763 875 826 915 cum
845 857 917 912 mul-
967 852 1056 908 elterit
1069 852 1226 906 dinitiarum
1241 853 1415 922 congregatio
1425 851 1518 922 justa,
1533 852 1557 908 si
1571 849 1691 908 adiuerit
1703 852 1764 908 dis·

129 966 213 1037 tiplici
228 964 321 1019 seuere
335 960 457 1016 metieris
471 959 499 1013 in
513 957 615 1011 luntre.
638 952 714 1008 liitte
728 963 826 1020 panem
841 956 917 1001 tuum
969 941 1083 997 tributio
1101 942 1187 1009 larga.
1212 941 1253 995 Ex
1278 941 1331 996 illis
1351 941 1425 996 enirn
1447 957 1546 999 munus
1567 942 1766 999 mtrenmrdtae

129 1056 158 1111 ln
172 1054 348 1110 esurientium
361 1052 477 1114 viscera,
491 1055 522 1102 ut
533 1061 596 1101 eum
609 1042 783 1112 multiplicem
797 1037 918 1093 invenias
968 1031 1242 1100 egenisporrlgitur3
1257 1031 1358 1086 exiliis
1376 1047 1524 1103 pauperum
1542 1034 1651 1088 nuditas
1668 1033 1766 1104 operi·

131 1146 159 1201 in
173 1152 272 1199 mm
291 1142 389 1211 pam
412 1139 457 1194 spe
477 1138 549 1192 enim
565 1134 693 1190 5,,οωοῃ
709 1132 768 1187 sit:
785 1128 860 1183 mm
871 1144 919 1194 pa.
970 1127 1031 1182 tur;
1047 1133 1080 1173 ex
1095 1119 1147 1174 illis
1162 1120 1367 1191 peregrinorum
1380 1122 1470 1192 inopia
1484 1122 1643 1194 suppletum
1659 1137 1694 1178 ex
1709 1122 1768 1180 illis

131 1250 190 1289 nem
203 1242 276 1287 terrm
287 1247 365 1302 seper
374 1236 537 1284 transcuntes
548 1221 723 1296 upecssqnin
735 1227 792 1290 post
802 1225 919 1284 tempere
969 1209 1132 1279 pttpillortlm
1156 1211 1265 1266 mestis
1288 1212 1458 1283 detergitur:
1482 1227 1518 1268 ex
1543 1214 1597 1270 illis
1617 1215 1768 1271 viduarum

130 1324 215 1380 meite
228 1323 342 1378 inueniet
355 1319 431 1373 iilum
445 1319 455 1389 i
466 1316 554 1372 lisele.
565 1330 611 1380 xi,
626 1314 638 1367 l
654 1312 674 1384 ).
689 1309 760 1378 Quid
773 1316 816 1364 est
828 1314 919 1361 autem
970 1300 1068 1356 solatis
1081 1301 1252 1368 trilunatum
1267 1318 1301 1358 cx
1316 1303 1370 1358 illis
1382 1304 1558 1359 esurientium
1571 1303 1660 1360 iamcs
1672 1304 1768 1375 repel-

131 1431 216 1486 super
228 1419 400 1468 transeuntes
414 1424 500 1480 aqttas
513 1408 621 1462 mittere
634 1417 743 1473 penem,
755 1400 806 1454 nisi
820 1411 921 1469 paupe
970 1393 1054 1458 litur;
1068 1408 1103 1448 ex
1122 1392 1176 1448 illis
1190 1394 1337 1450 sitientium
1353 1397 1413 1450 sitis
1426 1396 1534 1466 lugetur
1547 1413 1555 1463 ;
1570 1412 1603 1452 ex
1616 1397 1674 1452 illis
1688 1397 1769 1451 intir-

133 1505 211 1560 ribus
225 1511 253 1558 et
265 1502 423 1573 egentibus,
439 1508 467 1552 et
481 1498 515 1552 de
528 1498 580 1551 lroc
598 1493 698 1548 saeculo
717 1488 921 1545 transeuntibus
970 1490 1102 1544 utentium
1117 1491 1250 1546 desideria
1262 1492 1438 1562 snpplcntur3
1456 1509 1489 1548 ex
1504 1493 1556 1549 illis
1570 1494 1739 1564 accipientes
1752 1510 1769 1549 a

134 1595 334 1662 eleemosynam
351 1590 438 1644 darei
451 1588 521 1655 Quid
535 1595 576 1641 est
591 1598 666 1648 vero,
682 1580 746 1635 Post
759 1579 843 1633 multu
857 1587 921 1631 um·
971 1579 1089 1636 miseriis
1103 1580 1302 1649 liberabuntur,
1319 1593 1347 1638 et
1362 1583 1470 1638 illantm
1487 1584 1574 1640 tidelis
1590 1585 1770 1656 dispeusator

133 1699 199 1754 pore
212 1683 326 1737 inuenies
338 1680 428 1745 illem,
442 1680 492 1733 nisi
505 1679 532 1731 in
548 1677 639 1730 inturo
652 1672 750 1728 seculo
763 1669 920 1726 retributio·
972 1666 999 1723 in
1017 1669 1108 1726 iuturo
1122 1669 1265 1727 ditabitur.

134 1771 226 1826 nisex
242 1770 287 1824 illo
301 1771 403 1840 largum
417 1768 534 1838 accipies
550 1764 714 1835 praeratum?
795 1758 798 1764 ’
935 1748 959 1808 Β
1263 1760 1377 1817 strui
1394 1761 1464 1818 xri.
1512 1788 1514 1791 ·

431 1873 544 1930 CAPUT
568 1872 625 1926 xp,
794 1850 799 1876 ¹
1024 1849 1064 1905 De
1077 1866 1129 1905 nce
1141 1851 1279 1921 gloriando
1291 1854 1319 1908 in
1331 1854 1436 1918 diuitiis,
1451 1855 1496 1909 sed
1510 1855 1538 1908 in
1551 1855 1711 1911 ennemase.

351 1944 388 1999 De
402 1961 455 1999 non
467 1944 574 2013 fidendo
588 1943 696 1997 diuitiis.
1007 1939 1078 2010 Ergo
1098 1940 1149 1995 tire
1166 1941 1267 1997 diritlae
1286 1957 1346 2012 quae
1365 1943 1392 1997 in
1413 1944 1517 1999 coelesti
1535 1945 1691 2000 conduntur
1703 1946 1767 2002 tue

170 2037 205 2091 Et
223 2036 285 2106 quia
308 2035 356 2089 tibi
375 2034 505 2089 Dominus
526 2031 739 2088 misericorditer
758 2029 846 2101 regias
858 2043 924 2085 rou-
972 2043 1070 2094 sauro,
1084 2040 1247 2100 permanent
1260 2033 1287 2087 iu
1303 2042 1453 2099 aeternum:
1474 2043 1502 2090 et
1518 2036 1577 2092 iste
1593 2052 1656 2106 guas
1671 2046 1768 2093 wne·-

134 2128 218 2185 eessit
230 2128 258 2180 in
271 2126 397 2197 praesenti
412 2124 511 2180 seculo
523 2133 551 2178 et
565 2122 656 2194 largas
670 2121 793 2183 divitias,
808 2119 924 2175 solerter
974 2128 1018 2174 tur
1041 2119 1068 2174 in
1093 2121 1191 2176 seculo
1209 2122 1328 2187 caduce,
1345 2131 1487 2180 nwscunt
1508 2134 1536 2182 et
1557 2136 1683 2197 pereunt.
1708 2128 1768 2184 Non

135 2232 216 2289 egere
236 2215 335 2280 debes,
351 2224 381 2270 ut
395 2215 494 2270 multus
513 2214 635 2269 invenias
653 2224 686 2266 cx
708 2211 761 2266 illis
782 2211 809 2266 in
831 2208 923 2264 lutura
973 2210 1144 2282 gloriandum
1161 2219 1218 2277 est,
1234 2211 1304 2268 sicut
1323 2228 1373 2269 nee
1389 2214 1578 2271 confidendum
1592 2216 1621 2271 in
1638 2217 1770 2287 perituris

134 2309 223 2383 patria
237 2309 377 2378 repositas.
393 2307 486 2378 Neque
496 2306 570 2361 enim
583 2305 642 2360 aliae
653 2304 787 2359 veraciter
800 2301 922 2358 dicendae
974 2301 1094 2366 divitiis,
1110 2300 1267 2370 sed‘potius
1286 2302 1431 2358 laetandum
1448 2313 1477 2359 ct
1493 2304 1662 2376 gloriandum
1679 2315 1725 2363 est
1742 2308 1770 2363 ia

135 2407 201 2456 sunt
213 2399 326 2462 divitiae,
342 2398 393 2452 nisi
408 2397 460 2452 ilice
474 2410 534 2466 que
546 2396 574 2450 iu
589 2394 693 2451 coelesti
714 2393 843 2448 thesauro
862 2389 924 2445 ieli-
979 2392 1061 2447 Donis
1073 2395 1232 2465 magnisque
1246 2395 1402 2451 virtutihus.
1418 2396 1486 2452 Nam
1501 2398 1564 2468 guia
1578 2407 1688 2469 oportet
1702 2399 1770 2472 clivi

135 2489 207 2544 citer
219 2495 282 2541 sunt
303 2486 456 2542 recondite.
476 2483 545 2538 eludi
565 2498 645 2554 ergo,
668 2498 731 2547 rex,
747 2480 923 2552 Apostolum,
976 2488 1018 2536 tes
1030 2495 1084 2536 nen
1099 2482 1126 2536 in
1141 2482 1242 2537 divitiis
1257 2482 1366 2554 gloriari
1380 2485 1427 2540 sed
1438 2486 1466 2541 iu
1476 2485 1641 2553 humilitate,
1651 2485 1769 2544 lacobus

53 2629 58 2636 .
138 2588 166 2637 et
179 2580 233 2635 noli
248 2580 384 2635 cocidere
397 2578 424 2633 in
444 2577 554 2632 caducis
573 2575 653 2630 istius
671 2572 813 2643 praesentis
832 2569 924 2626 seculi
976 2579 1093 2626 testatur
1111 2570 1228 2626 dicens:
1249 2569 1383 2628 Glorieter
1403 2584 1490 2629 estem
1513 2575 1596 2646 irater
1621 2577 1769 2633 iemiiiein

137 2671 255 2735 divitiis,
278 2670 325 2724 sed
347 2667 449 2722 inillis
463 2666 496 2722 dc
509 2663 785 2735 quibuspauperilnrs
806 2660 925 2729 erogatis
976 2659 1137 2715 exultatione
1149 2673 1221 2716 ree:
1236 2662 1306 2718 dices
1321 2672 1407 2718 entem
1420 2667 1448 2719 ln
1461 2665 1609 2721 nemilitete
1621 2683 1671 2723 ree
1686 2666 1766 2740 (Jee.

135 2761 276 2818 eoelestetn
289 2762 445 2816 tnesaurum
459 2759 656 2815 alliceretis:
674 2758 712 2812 eit
731 2757 804 2812 enim
826 2755 925 2811 Daulxm
976 2753 1065 2824 ¹r9i·
1081 2751 1140 2809 Noli
1153 2768 1218 2823 ergo
1236 2754 1263 2809 in
1277 2754 1379 2810 divitiis
1391 2753 1517 2826 gloriari,
1531 2770 1578 2811 rex
1588 2757 1661 2826 ,sed
1675 2757 1769 2814 inhu-

138 2853 276 2923 apostolus
289 2871 295 2906 :
310 2851 440 2906 Divitibus
451 2852 532 2922 ittjee
543 2850 633 2906 sarculi
653 2850 764 2921 precipe
775 2865 829 2903 nce
840 2848 925 2903 xiiii·
977 2843 1101 2898 militate.
1118 2842 1184 2898 listo
1197 2843 1323 2908 humilis,
1337 2851 1397 2898 esto
1410 2843 1438 2898 iu
1452 2845 1604 2902 humilitate
1619 2845 1768 2914 iundnmt3

138 2959 180 2997 nte
190 2959 289 3014 tepere,
301 2960 382 3014 nepte
393 2958 498 3013 sperare
510 2943 538 2997 in
549 2943 648 2997 incerto
661 2943 815 2996 dieitierem
824 2978 833 3008 ,
842 2941 888 2996 red
898 2941 926 2994 in
976 2935 1100 3005 querulis
1118 2934 1307 2997 detulilistis,
1323 2950 1435 3006 magnus
1452 2945 1482 2992 el
1498 2953 1638 3005 summus,
1654 2940 1765 2996 humili-

138 3031 193 3087 Dee
204 3033 260 3087 eico
273 3031 337 3104 (ptri
349 3041 456 3103 prestet
476 3031 548 3087 neiis
570 3034 659 3087 omnic
674 3031 778 3087 sienim
788 3031 822 3084 cd
836 3031 927 3100 fruen-
977 3032 1062 3079 talem
1078 3032 1149 3078 lelle-
1166 3022 1212 3078 Sic
1224 3025 1296 3079 enim
1310 3025 1441 3095 millium
1457 3034 1518 3080 ⁰⁵12
1535 3025 1643 3090 anle
1657 3044 1771 3100 Mem

137 3121 229 3191 dent),
242 3122 304 3175 terte
314 3137 400 3191 apere,
412 3122 503 3176 divites
515 3122 574 3190 fieri
585 3124 611 3175 in
622 3123 695 3176 ionis
707 3122 839 3192 operibns,
849 3120 928 3189 [cede
940 3099 964 3161 C
978 3132 1023 3181 es,
1038 3115 1149 3170 humilio
1163 3125 1187 3170 te
1200 3117 1228 3169 in
1243 3115 1373 3182 emmim,
1388 3125 1411 3170 et
1425 3132 1514 3171 eorem
1526 3117 1642 3173 Domino
1654 3120 1770 3175 ineenier

138 3210 252 3263 triirnere
264 3249 272 3274 ,
285 3209 496 3275 communicare,
512 3211 691 3265 ticenurieure
703 3211 752 3266 eiii
769 3210 928 3281 {indemen-
979 3205 1094 3275 (trullam
1108 3218 1114 3230 “
1128 3206 1253 3276 ‘illimem
1269 3219 1364 3275 magne
1384 3208 1498 3276 viimi&
1513 3205 1562 3262 Μ
1575 3207 1676 3274 ΜΝ,
1692 3220 1718 3264 0⁸
1737 3209 1770 3265 αὖ

138 3307 195 3352 mm
206 3299 302 3353 iorem
312 3299 340 3353 in
352 3299 487 3369 seierum,
499 3310 527 3353 et
539 3300 733 3371 apprehendent
746 3315 834 3355 serent
846 3301 927 3354 citam
978 3295 1119 3351 iemiiiine
1142 3295 1288 3350 icnercter
1304 3295 1313 3368 i
1327 3295 1410 3351 Eceli.
1427 3313 1474 3363 ιιι,
1488 3298 1523 3354 st)
1536 3299 1557 3371 ).
1576 3299 1660 3357 Vides
1685 3313 1767 3373 erge,

139 3388 176 3460 (l
191 3388 258 3443 Tire.
273 3405 315 3455 ιι,
330 3389 412 3445 tete
423 3389 443 3457 l.
459 3391 533 3461 Opus
546 3392 619 3446 enim
633 3390 829 3446 misericordie
842 3388 928 3458 etju-
978 3406 1043 3455 rex,
1058 3391 1122 3460 quis
1137 3390 1161 3445 si
1174 3389 1353 3447 humilitatem
1369 3393 1497 3456 tenueris,
1514 3392 1628 3449 habebis
1641 3395 1767 3463 milam,

138 3480 220 3535 etism
233 3481 418 3549 patrocinatur
431 3481 532 3536 homini
544 3490 605 3550 post
614 3489 740 3547 mortem,
749 3495 801 3536 uon
815 3481 925 3536 divitie.
979 3480 1092 3535 habebis
1106 3489 1134 3535 et
1147 3480 1279 3550 gloriam,
1295 3481 1407 3552 insuper
1418 3490 1447 3538 ct
1463 3484 1560 3538 animae
1576 3491 1631 3539 tuae
1647 3485 1770 3540 invenies

137 3569 186 3626 Sic
200 3572 272 3626 enim
286 3571 411 3626 Salomon
426 3573 484 3627 ait:
501 3574 562 3628 Non
574 3574 716 3645 proderent
730 3573 829 3627 dieitioe
842 3573 870 3627 ir
883 3573 926 3626 die
978 3572 1110 3643 requiem.
1131 3571 1177 3628 Sic
1195 3573 1268 3628 cuim
1286 3573 1415 3630 Dominus
1430 3585 1492 3630 tuus
1505 3576 1662 3647 redemptor
1678 3586 1708 3631 et
1722 3575 1769 3631 do

137 3664 267 3717 meionis:
281 3664 387 3733 justitie
404 3675 494 3719 nutent
515 3665 634 3719 liieruiit
653 3681 670 3718 c
688 3673 782 3718 morte.
796 3663 866 3729 Qniu
878 3664 924 3736 pei
979 3670 1038 3718 ctor
1051 3670 1124 3726 tuus,
1133 3671 1240 3718 crentor
1253 3670 1280 3717 et
1293 3663 1459 3735 gubernator
1472 3672 1545 3730 tuus,
1561 3673 1587 3720 te
1598 3680 1682 3735 quen
1694 3665 1770 3736 sequi

137 3751 248 3818 confidit
265 3753 293 3805 in
308 3754 404 3806 diuitiis
422 3755 495 3818 suis,
516 3765 640 3807 torreret:
656 3755 724 3824 justi
744 3762 832 3808 entem
850 3755 928 3825 pensi
978 3751 1080 3806 debens
1098 3752 1189 3816 docel,
1209 3759 1237 3806 et
1256 3753 1321 3821 quid
1339 3753 1443 3809 discere
1460 3754 1543 3810 dener
1559 3755 1669 3811 tibimet
1680 3765 1770 3812 esleu-

138 3842 224 3896 eirene
247 3841 339 3911 [client
360 3844 541 3913 perntinciunt
564 3843 669 3914 (Eeeli.
682 3859 708 3909 r,
727 3843 780 3909 tu;
801 3841 879 3899 Prot.
891 3860 926 3910 x,
978 3840 1036 3906 dit,
1051 3841 1166 3896 diceus:
1185 3840 1284 3896 Discite
1299 3859 1316 3896 c
1329 3858 1370 3898 nte
1383 3845 1446 3914 petie
1461 3844 1532 3898 mitit
1547 3860 1608 3898 eertt
1621 3853 1647 3900 et
1662 3846 1769 3901 iterniiis

137 3934 177 4002 2,
195 3947 220 3991 et
233 3953 275 4001 ιι,
289 3938 324 3994 28
336 3937 355 4009 ).
371 3938 456 3994 Duvid
471 3954 577 4009 qnoque
592 3939 649 3994 uit:
667 3937 757 3993 Nolite
778 3953 883 4008 sperare
897 3938 926 3991 in
978 3930 1073 3993 corde;
1086 3939 1110 3984 el
1123 3932 1261 3986 lavensem
1274 3933 1388 4002 requiem
1401 3932 1540 3987 ‘similit
1553 3935 1646 3992 mitit
1659 3933 1768 4006 (Μὴ.

139 4027 297 4098 iniquitate,
312 4039 335 4083 et
350 4032 457 4101 repinm
476 4031 555 4085 nolite
574 4031 765 4101 concupiscere.
780 4030 887 4084 Dicitioe
902 4044 926 4084 ιι
978 4038 1021 4086 xx,
1035 4023 1070 4077 29
1080 4022 1101 4094 ).
1119 4023 1193 4079 ldent
1212 4024 1270 4093 ipse
1286 4023 1417 4079 Dominus
1431 4039 1481 4094 per
1493 4026 1656 4096 proplietam
1672 4027 1771 4082 mensi

139 4119 262 4190 spirent,
284 4120 364 4175 nolite
384 4138 430 4175 cor
450 4139 579 4192 apponere
601 4120 698 4192 (l'sul.
712 4137 775 4188 ιιι,
790 4122 820 4176 ll
837 4122 857 4192 l.
880 4121 927 4176 llle
978 4121 1007 4170 'et
1020 4115 1087 4169 dicit
1104 4132 1110 4167 :
1127 4114 1168 4168 sd
1181 4131 1257 4186 prtem
1270 4125 1357 4170 etitem
1375 4117 1527 4187 respiciam,
1541 4117 1594 4172 nisi
1609 4117 1644 4172 ed
1658 4135 1771 4190 peeper·

139 4208 241 4265 divitiis
257 4224 305 4265 eor
322 4211 447 4282 apponit,
466 4212 512 4281 qui
537 4212 563 4266 in
587 4212 653 4281 ipsis
677 4211 843 4281 singularem
866 4223 927 4265 esse
977 4205 1084 4272 celum,
1098 4214 1123 4259 et
1138 4207 1279 4260 contritum
1297 4208 1408 4278 spirite,
1426 4216 1452 4262 et
1468 4217 1621 4263 treeneerteex
1636 4221 1770 4264 ιιιιιιιιι

139 4300 297 4356 lelicitntem
314 4303 410 4357 credit.
430 4303 483 4358 lstc
498 4304 539 4358 sic
554 4303 607 4358 illis
623 4319 673 4358 cor
687 4302 814 4373 apponit,
829 4310 860 4357 ut
872 4316 927 4357 nen
976 4311 1048 4349 entes
1062 4296 1071 4365 (
1083 4294 1140 4349 1⁸⁰·
1157 4310 1236 4360 ull,
1250 4295 1268 4351 2
1280 4296 1313 4367 l?

138 4389 205 4444 relit
220 4405 264 4445 res
277 4390 441 4460 pauperibus
452 4406 576 4461 crogare,
591 4392 637 4445 sed
652 4391 740 4460 magis
752 4404 800 4444 eas
812 4389 926 4444 ambire.
1015 4385 1044 4441 Si
1063 4387 1106 4441 ris
1118 4400 1184 4458 ergo
1198 4395 1228 4442 ut
1242 4386 1275 4442 ad
1292 4397 1318 4443 te
1332 4387 1459 4460 respiciat
1472 4388 1557 4453 Deus,
1571 4388 1719 4447 sublimem
1730 4390 1771 4448 lr-

141 4479 197 4536 Non
212 4482 269 4536 vult
283 4498 378 4536 aurum
394 4497 473 4536 sunm
487 4481 658 4551 expendere,
673 4481 720 4537 sed
735 4481 841 4537 calcare
853 4494 926 4550 :pa-
939 4439 966 4499 D
978 4477 1050 4541 ciat,
1069 4476 1203 4547 glorilicet
1219 4484 1248 4532 et
1264 4478 1382 4544 exaltet,
1399 4478 1511 4534 humilia
1531 4488 1558 4534 te
1573 4479 1602 4534 iu
1621 4489 1771 4551 conspeetu

140 4569 266 4625 turnonii
280 4586 328 4625 sua
342 4587 394 4626 uon
411 4571 467 4625 vult
479 4571 573 4639 egenis
586 4569 695 4640 largiri,
712 4570 759 4625 sed
774 4570 927 4625 lraeredibus
978 4567 1060 4624 illius.
1078 4567 1124 4624 Sic
1136 4570 1209 4624 euim
1221 4567 1339 4625 lacobus
1352 4571 1491 4642 apostolus
1505 4572 1563 4627 eit:
1582 4571 1771 4629 llumiiieuiei

139 4668 302 4730 congregata
315 4675 434 4716 servem.
448 4659 482 4714 Et
495 4659 555 4714 ideo
568 4667 630 4729 post
643 4668 759 4714 mortem
772 4658 840 4714 uilxil
853 4659 928 4713 inre-
978 4659 1007 4712 ir
1019 4669 1159 4730 conspecte
1171 4657 1296 4726 Domini,
1309 4669 1333 4714 et
1347 4661 1473 4716 esalteiit
1486 4677 1530 4717 ces
1545 4659 1627 4733 (Jee.
1642 4676 1689 4729 xv,
1703 4662 1738 4718 to
1748 4662 1769 4733 ).

140 4745 234 4810 niunt,
256 4750 319 4816 grtia
341 4751 368 4804 in
390 4750 444 4804 rita
467 4750 629 4819 pauperibus
651 4748 717 4804 nihil
741 4748 873 4803 tribuunt.
890 4748 927 4803 De
979 4749 1033 4805 Per
1046 4752 1115 4807 lanc
1132 4752 1204 4806 enim
1222 4753 1323 4823 regiam
1343 4753 1501 4810 ltumllitntis
1513 4755 1586 4809 rism
1604 4762 1771 4826 purpuratus

140 4836 240 4904 quibus
253 4853 371 4908 congrue
385 4839 526 4895 Psalmista
548 4840 585 4894 ait
599 4855 606 4894 :
621 4839 792 4893 Derenierent
806 4854 928 4893 somnum
980 4849 1008 4895 et
1032 4840 1160 4897 infulatus
1184 4840 1347 4900 fortissimus
1365 4859 1413 4899 rex
1429 4844 1515 4900 David
1531 4852 1559 4900 et
1576 4848 1709 4904 usercae
1724 4846 1770 4902 Dr·

139 4938 234 4990 seem,
254 4937 278 4981 et
298 4928 363 4983 mitt
382 4930 534 4985 invenerant
556 4946 645 4985 onnes
667 4929 716 4984 oiri
735 4928 888 4983 dinitiarum
899 4929 928 4984 in
978 4929 1061 4986 miter
1072 4945 1186 4987 currens
1198 4931 1351 4988 clamabat:
1365 4933 1491 4999 Domine,
1505 4949 1558 4988 nen
1570 4936 1769 4991 esteeeitutern

140 5015 261 5071 menites
278 5020 334 5072 reis
348 5018 357 5090 i
369 5017 443 5075 Prii.
456 5037 537 5087 cxxv,
551 5021 599 5091 6).
615 5021 656 5076 Ad
670 5022 744 5077 hune
757 5019 929 5076 linem-Salo-
977 5036 1024 5077 eer
1036 5037 1135 5088 neem,
1160 5039 1243 5094 nepae
1256 5022 1319 5078 eluti
1332 5034 1393 5079 teet
1408 5024 1479 5079 eceli
1491 5025 1565 5091 mei;
1580 5042 1665 5097 eepee
1678 5027 1769 5082 enix-

141 5120 205 5160 mou
227 5107 262 5163 de
281 5108 382 5165 divitiis
401 5113 457 5166 suis
475 5120 656 5183 computatam
680 5111 845 5167 sententiam
865 5125 928 5180 pro-
978 5111 1030 5168 ieri
1052 5114 1081 5166 in
1098 5115 1216 5184 mugnis,
1232 5131 1313 5187 neque
1329 5117 1358 5170 in
1376 5116 1540 5171 mirabiliter
1557 5132 1638 5188 extper
1661 5135 1713 5173 ere.
1737 5117 1768 5174 δι’

139 5195 234 5263 duxit,
246 5199 292 5253 ubi
306 5199 343 5253 ait
356 5217 363 5252 r
376 5199 541 5270 llepnifieeei
553 5218 631 5272 opere
642 5208 711 5268 nt'ee,
723 5200 853 5269 edificari
865 5201 929 5254 milri
980 5219 1032 5257 nen
1046 5204 1179 5258 lumiliter
1191 5204 1348 5266 sentiebam,
1362 5203 1409 5260 red
1422 5205 1536 5261 excitari
1548 5208 1669 5261 animent
1685 5223 1767 5262 meent

140 5285 250 5354 όοιιιοι,
265 5297 290 5342 et
306 5286 422 5358 plantavi
442 5291 546 5356 tineus,
561 5291 610 5359 (eci
628 5292 736 5357 iones,
751 5291 890 5361 pemeria,
905 5298 929 5344 et
980 5291 1075 5364 (Psoi.
1090 5309 1176 5359 cxxx,
1192 5294 1222 5358 l,
1236 5295 1283 5366 Ξ).
1301 5293 1395 5364 stagna
1410 5297 1482 5350 enim
1496 5302 1538 5351 est
1551 5295 1641 5352 virtus
1661 5297 1768 5353 liu-ili-

141 5382 243 5434 eonreei
257 5397 288 5434 ee
303 5380 389 5434 enecti
406 5382 505 5451 peneris
524 5382 669 5445 prioribus,
686 5392 711 5436 et
728 5383 847 5437 astrici
864 5383 930 5436 milri
978 5389 1037 5446 tas,
1052 5390 1078 5439 et
1095 5384 1226 5440 mirabilis
1241 5386 1356 5456 genitrix
1370 5387 1491 5441 omnium
1508 5395 1538 5443 et
1553 5386 1699 5444 edueetrix
1717 5389 1768 5442 rir-

141 5469 256 5538 pieeitxes
270 5488 413 5542 uquarum,
430 5481 458 5525 et
471 5472 607 5542 irrigarent
621 5472 714 5526 sileain
727 5472 858 5544 lignorum
872 5485 930 5542 per·
978 5479 1075 5527 tutum.
1102 5472 1154 5529 Sed
1179 5488 1232 5529 non
1254 5476 1311 5532 huc
1334 5477 1421 5531 virtus
1442 5478 1560 5531 Dmnsus
1587 5477 1766 5534 noluntates

141 5561 308 5618 minamine.
335 5561 443 5620 Pcsredi
464 5581 551 5620 remos
571 5575 597 5619 et
618 5565 747 5632 melier,
769 5565 929 5635 metrumque
977 5576 1113 5634 quoquam
1131 5564 1255 5631 sumitur,
1272 5568 1319 5622 sed
1337 5569 1549 5624 misericorditer
1563 5584 1579 5623 ι
1593 5568 1766 5626 Domlnceei

61 5670 65 5677 ·
143 5645 386 5718 penetrantibus,
404 5664 641 5727 erntentupncpue
663 5663 689 5710 et
712 5670 820 5727 magnes
841 5655 927 5710 oriem
977 5654 1093 5711 soluerit
1110 5655 1247 5729 largiter:
1266 5674 1325 5730 quet
1341 5660 1402 5717 ideo
1423 5661 1495 5718 tuter
1515 5661 1632 5721 virtutes
1653 5663 1768 5720 exuens
