3810 6120
128 327 184 391 191

654 322 832 381 corruens.
853 322 887 378 tlt
909 322 990 381 usu.
1011 324 1042 381 S.
1062 324 1255 383 uenuotctt.

1717 327 1770 384 tot

128 448 241 504 uomiue
254 444 358 516 efficax,
383 441 446 512 quia
467 439 567 495 nullam
589 439 670 495 babet
691 436 876 494 dillieultatem
895 436 922 490 in
937 437 1041 497 Aritio
1056 437 1127 493 mala
1142 438 1233 494 onruia
1256 438 1394 494 nutriente
1415 447 1613 502 concrescunt,
1645 446 1672 492 rt
1700 439 1770 493 burra

128 539 266 599 iaciendo.

166 626 202 686 Ut
213 629 248 683 ud
257 644 317 682 eum
327 643 373 698 per
384 625 536 679 obedietuiae
546 622 661 678 laborent
674 623 775 686 redens,
787 638 804 673 o
814 636 865 689 qrto
879 634 926 687 per

130 719 315 777 inobedientiis
328 716 459 770 desidium
477 730 630 768 recesseras.
649 711 726 779 Quod
738 717 830 765 aretem
844 708 924 772 dicit,

130 821 161 867 ut
171 811 207 865 ad
217 826 285 870 euru,
297 807 457 863 subauditur
465 805 559 859 Deuur.
574 801 662 857 Abeo
672 801 755 863 eninr,
764 800 835 855 sieut
844 812 925 867 supra

130 906 235 961 dictum
246 908 299 965 cst,
310 900 367 955 sire
379 897 543 969 generaliter
554 896 581 950 iu
592 894 678 948 Adam
689 908 783 948 ornnes
793 899 820 945 et
831 891 926 955 Eram,

131 996 193 1052 sire
204 992 359 1064 specialiter
372 990 557 1060 unusquisque
571 998 695 1042 nostrum
708 999 757 1055 per
771 982 927 1041 inobedien-

130 1086 286 1143 tiarritium
297 1083 486 1150 desidiumqne
496 1078 587 1134 cordis
600 1077 772 1135 recessimus.
791 1074 832 1128 ild
847 1088 927 1143 quem

131 1192 184 1233 atos
196 1191 247 1247 per
258 1173 418 1231 obedientie
433 1170 613 1226 bumilitatem
634 1169 811 1236 latoremque
831 1166 928 1220 beatus

132 1268 296 1325 Benedictus
310 1267 436 1321 bortatur
449 1263 548 1317 redire.
571 1260 729 1316 obedientia
743 1254 815 1314 enim
830 1258 929 1313 dieitur

131 1358 285 1422 humilitas,
296 1353 524 1424 obtemperantia,
542 1367 575 1407 eo
586 1351 658 1420 <prod
672 1348 811 1404 humiliter
820 1347 930 1404 obediat

131 1449 178 1507 rel
197 1451 366 1518 obtemperet
387 1443 541 1515 imperanti.
564 1442 654 1497 Labor
676 1438 929 1507 enimobedientiae

132 1550 251 1599 rocatrrr
269 1538 358 1594 omnis
377 1538 495 1591 bantana
516 1534 589 1590 aetio
609 1541 719 1596 uestra,
741 1548 803 1602 qum
822 1531 893 1601 juste
914 1548 929 1585 a

134 1634 254 1691 bomine
267 1633 410 1702 imperata,
423 1628 459 1683 ab
472 1627 642 1683 auditoribus
654 1633 695 1681 cst
709 1626 857 1681 seeundum
873 1624 929 1679 dis-

133 1726 296 1783 tributionis
316 1725 431 1795 gratiam
453 1722 595 1778 humiliter
614 1722 769 1792 adimpleta.
794 1720 833 1775 lie
858 1720 930 1776 bouo

976 528 1067 582 ortruia
1081 543 1114 582 ue
1126 530 1268 599 perlieiant
1280 529 1351 584 ntala
1364 537 1490 600 soporata
1501 531 1647 599 ardescunt
1671 531 1707 586 tte
1720 533 1772 586 boe

976 620 1048 676 euim
1063 620 1128 675 vitio
1142 637 1191 690 per
1212 620 1385 678 Suloruouem
1400 623 1520 678 dicitur:
1539 623 1653 693 Pipredo
1668 625 1770 678 inarsit·

976 713 1008 766 tit
1021 730 1139 783 soporem
1154 712 1245 786 (Pron.
1266 714 1334 782 utri.
1355 717 1471 788 rip-edo
1482 719 1555 774 euim
1579 722 1697 791 torpenti
1713 723 1772 776 arri·

978 818 1023 857 tuo
1041 818 1167 874 soporem
1181 806 1314 871 innuitur,
1329 809 1400 877 quod
1416 824 1496 878 quem
1511 810 1537 864 iu
1554 811 1633 866 bonis
1643 814 1771 882 operibus

978 894 1099 964 tepidum
1114 895 1277 966 tardumque
1293 898 1450 964 inuenerit,
1466 914 1501 954 nc
1515 901 1541 955 in
1555 901 1632 956 bonis
1646 910 1772 963 creseat.

978 994 1006 1039 et
1028 985 1122 1040 oculos
1141 987 1232 1042 cordis
1245 988 1357 1054 clandit,
1383 998 1410 1045 et
1425 1007 1521 1046 manus
1539 992 1613 1062 ligat.
1633 992 1686 1048 Per
1699 1010 1773 1049 enm-

979 1076 1039 1131 tletu
1060 1077 1131 1130 enim
1145 1075 1317 1134 Salomonem
1332 1081 1432 1136 dieitttr
1447 1100 1454 1135 :
1470 1080 1584 1153 Propter
1601 1085 1685 1156 [tipus
1702 1087 1775 1156 piper

979 1183 1057 1220 orare
1074 1167 1158 1222 rtoluit
1171 1165 1264 1240 (Prou.
1279 1187 1314 1225 xx
1356 1171 1375 1242 ).
1391 1170 1504 1242 Propter
1517 1172 1603 1246 frigus
1616 1176 1714 1245 quippe
1735 1178 1775 1247 pi-

980 1269 1174 1328 peruenerat,
1191 1263 1255 1333 quia
1273 1264 1383 1320 resullae
1398 1273 1519 1335 tempure
1536 1268 1702 1322 constrictus
1713 1285 1776 1340 age-

980 1364 1010 1404 ro
1021 1367 1081 1419 qum
1096 1352 1175 1407 debet
1192 1353 1261 1408 bona
1286 1355 1449 1412 dissimulat.
1472 1357 1505 1411 Et
1520 1358 1583 1412 dum
1605 1373 1688 1428 parra
1705 1360 1775 1412 urata

981 1444 1087 1508 stertuit,
1099 1445 1207 1515 operari
1220 1445 1291 1500 bona
1307 1447 1425 1502 maxima
1437 1450 1630 1518 pretermittit.
1645 1449 1684 1506 De
1697 1452 1775 1521 pigro

980 1548 1088 1602 utroque
1112 1542 1185 1589 reete
1206 1536 1345 1590 subditur:
1364 1535 1526 1591 llerrdicubit
1546 1549 1648 1605 nutrite,
1671 1551 1696 1595 et
1724 1560 1776 1596 uon

980 1622 1088 1676 dubitur
1106 1623 1131 1678 ei
1175 1622 1278 1696 (ibid).
1322 1627 1391 1694 eria
1411 1629 1458 1699 qui
1479 1629 1507 1683 in
1529 1632 1658 1700 prraesenti
1676 1633 1777 1687 seetrln

982 1712 1009 1767 io
1023 1713 1101 1770 bonis
1116 1716 1244 1785 operibus
1255 1732 1308 1772 non
1321 1719 1453 1785 desudat,
1470 1736 1530 1775 curn
1545 1731 1651 1794 terripus
1664 1724 1778 1779 retribu-

135 1826 229 1874 autem
245 1818 405 1873 obediende
421 1832 470 1886 per
483 1815 656 1870 Salomonem
672 1815 791 1870 diciturt
806 1812 854 1867 Vir
871 1812 931 1866 ebe·
945 1787 969 1847 Β
984 1806 1066 1861 tionis
1086 1807 1241 1875 advenerit,
1265 1826 1279 1864 a
1295 1812 1428 1866 mercedis
1451 1828 1563 1868 nurnere
1583 1823 1674 1870 rutente
1689 1831 1774 1871 raena

135 1906 212 1963 tlietts
230 1906 346 1979 loquitur
360 1907 483 1962 uictorias
505 1904 596 1973 (Pron.
611 1902 737 1974 xrs).llir
751 1905 849 1975 quippe
864 1902 931 1958 obe·
980 1901 1096 1972 ieiunat.
1115 1902 1289 1960 Eruntmrio
1301 1906 1334 1960 de
1347 1904 1461 1963 iormica
1476 1908 1546 1963 ideru
1569 1908 1696 1965 Salomon
1713 1910 1752 1966 ait
1771 1923 1776 1956 2

136 1998 218 2056 tiseos
230 1997 360 2053 victorias
373 1997 505 2067 loquitur,
520 1997 582 2066 quia
598 1995 662 2051 dum
677 1994 863 2064 unnsquisque
877 1992 931 2048 ele·
984 1989 1116 2048 Formiae
1125 1994 1237 2066 populus
1251 1996 1374 2067 infirmus
1393 2009 1472 2070 purat
1489 2001 1517 2055 in
1532 2018 1614 2058 messe
1628 2002 1714 2057 cibum
1727 2004 1778 2058 sibi

135 2096 246 2148 etenum
273 2104 322 2160 per
346 2088 507 2145 obedieutiae
533 2087 714 2142 bumilitatem
741 2084 797 2140 Deo
821 2101 851 2141 se
875 2093 933 2140 totu
984 2081 1076 2152 (Pron.
1090 2084 1168 2155 xxx).
1182 2085 1216 2140 Et
1226 2101 1276 2155 per
1289 2086 1418 2144 torruicas
1432 2089 1483 2146 nisi
1497 2099 1606 2146 strenua
1617 2092 1672 2147 rita
1687 2108 1778 2148 mona·

136 2181 232 2239 subuo
246 2181 349 2244 subdit,
366 2189 394 2235 et
405 2179 463 2249 ejus
476 2186 610 2251 precepta
627 2176 768 2233 humiliter
783 2176 891 2247 implet,
905 2183 933 2230 et
983 2173 1096 2230 eborum
1110 2176 1243 2247 signatur,
1257 2180 1320 2249 quia
1332 2181 1365 2235 ad
1378 2182 1609 2252 comparationem
1625 2191 1777 2240 auratorum

134 2286 190 2343 pro
201 2271 245 2326 bis
259 2272 384 2326 orrtuibus
396 2286 449 2324 non
462 2269 526 2334 sibi,
539 2267 586 2323 sel
597 2267 653 2322 lieo
664 2268 766 2339 gratias
778 2266 844 2337 agit,
858 2274 885 2320 et
899 2264 933 2320 ab
984 2263 1075 2318 secuti
1093 2263 1184 2333 liujus,
1198 2283 1246 2337 per
1259 2269 1421 2325 lnmrilitatis
1433 2273 1547 2343 gratiam
1563 2272 1637 2328 velut
1657 2273 1778 2331 lormicau

137 2360 332 2417 inobedientiae
346 2359 424 2430 culpa
439 2358 587 2413 miseraute
607 2356 663 2412 tteo
682 2355 751 2410 uter
763 2353 890 2418 efficitur,
907 2360 934 2408 et
984 2352 1090 2408 ntlnimi
1103 2356 1239 2411 ridentur.
1253 2356 1285 2412 lli
1297 2360 1369 2415 enirn
1382 2363 1511 2432 praesenti
1531 2363 1558 2418 in
1578 2364 1634 2419 rita
1656 2364 1731 2420 uelut
1752 2365 1780 2420 in

135 2449 173 2508 de
188 2450 354 2507 inobedienti
373 2450 545 2520 triumphans
561 2448 668 2502 ‹liubolo
687 2448 714 2501 iu
734 2445 833 2501 melum
847 2445 934 2500 vietor
983 2456 1074 2498 messe
1094 2442 1212 2500 iruetrun
1235 2447 1368 2504 bonorum
1396 2467 1519 2523 operum,
1546 2454 1617 2510 unde
1639 2455 1666 2510 iu
1688 2455 1781 2512 iuturo

136 2544 271 2601 ascendit.
287 2543 335 2597 Vir
346 2544 419 2599 enim
435 2543 556 2597 obediens
571 2541 695 2595 uictorias
709 2538 836 2612 loquitur,
848 2554 934 2609 quau·
985 2533 1129 2603 gaudeant,
1146 2552 1311 2609 congregare
1322 2558 1374 2596 non
1387 2552 1504 2600 cessant.
1520 2544 1588 2601 ltem
1602 2547 1636 2602 de
1650 2547 1780 2604 obedien-

136 2635 372 2706 doonrtsquisqne
382 2635 447 2690 ritis
461 2634 558 2700 caleat,
580 2633 764 2704 vitiorumque
783 2631 854 2686 bella
877 2630 932 2686 ior·
985 2625 1058 2681 tibus
1076 2634 1104 2681 et
1132 2628 1352 2688 inobedientibus
1381 2636 1512 2707 seriptum
1536 2647 1597 2694 cst:
1616 2638 1690 2695 llere
1712 2640 1780 2711 jurati

136 2727 207 2783 titer
221 2734 346 2799 superat,
369 2727 405 2781 ita
425 2734 455 2782 ut
477 2742 537 2781 errm
559 2725 642 2780 Paulo
663 2725 754 2780 ilicet:
775 2722 828 2780 Sed
847 2724 874 2778 iu
893 2725 934 2779 iris
985 2715 1156 2770 meditabitur
1191 2718 1390 2789 deflendam,
1421 2742 1451 2779 ⁰⁸
1485 2727 1627 2799 irupierum
1661 2745 1782 2800 peruerse

137 2817 261 2873 omilim
271 2833 424 2888 mperatum
435 2826 541 2887 propter
550 2833 620 2881 epm,
632 2817 676 2886 qni
686 2815 778 2869 dilexit
789 2812 933 2888 noemam,
986 2802 1130 2877 (Proeti,
1139 2808 1178 2881 1).
1192 2810 1342 2869 Monachus
1354 2815 1426 2870 euim
1440 2817 1550 2872 btttuilis
1562 2819 1626 2875 tlutn
1643 2820 1780 2876 wnioruttt

136 2906 211 2979 rtur).
228 2907 262 2962 Et
273 2921 322 2977 pro
334 2906 402 2961 tanti
413 2907 541 2976 triumphi
553 2907 666 2962 uictoria
678 2922 733 2961 nou
746 2906 807 2969 sibi,
821 2888 869 2961 sed
880 2906 936 2962 beo
987 2914 1099 2956 suorum
1113 2902 1227 2973 iutperio
1242 2906 1277 2961 ob
1293 2923 1414 2975 amorem
1437 2918 1546 2965 eternae
1561 2911 1622 2967 ritre
1635 2912 1725 2967 studet
1734 2928 1782 2982 pa·

138 2996 237 3053 tribuit
255 2996 378 3068 gloriam.
402 2997 443 3051 Ad
460 2997 543 3051 beunr
565 2997 636 3050 enim
656 3012 705 3067 per
718 2996 881 3053 obedientiae
895 2996 936 3052 la·
987 3007 1061 3058 tete,
1085 2994 1161 3064 prius
1179 2995 1361 3053 obedientiam
1386 3001 1534 3057 meditatur
1556 3002 1583 3058 in
1608 3004 1781 3076 mgitrrtioue.

139 3086 235 3143 berem
249 3084 379 3150 redimus,
390 3085 498 3154 qtramlo
508 3101 538 3140 ea
550 3100 610 3154 qtrae
622 3085 700 3140 nobis
713 3093 776 3140 sunt
787 3093 934 3156 praecepta,
987 3083 1149 3143 inobediens
1164 3103 1230 3143 rero
1250 3087 1314 3144 dum
1327 3090 1460 3162 maiorum
1470 3090 1546 3160 jussa
1566 3094 1715 3150 cuntenrnit
1730 3093 1781 3148 iut-

129 3176 319 3235 'totlsriribns
331 3177 469 3232 bundliter
480 3175 786 3246 adimplemusqnando
796 3177 935 3249 propriam
950 3137 972 3199 C
987 3174 1071 3246 plere,
1087 3176 1178 3232 uerbis
1197 3179 1360 3249 procacibus
1379 3181 1551 3237 contradicit.
1565 3181 1618 3238 lste
1629 3182 1701 3237 enim
1720 3182 1783 3238 taius

135 3270 307 3327 voluntatem
323 3270 447 3336 odimus,
464 3281 491 3325 et
507 3270 637 3325 desideria
651 3270 739 3325 earnis
758 3286 810 3324 aaa
828 3268 935 3341 perfici·
985 3267 1052 3326 Adae
1067 3270 1278 3327 inobedientiam
1292 3273 1425 3330 imitando
1436 3275 1539 3331 reeedrt
1553 3291 1568 3330 a
1582 3275 1648 3331 lieo.
1666 3274 1782 3331 llumilis

136 3376 200 3417 rsus
214 3359 287 3434 (dat.
300 3361 343 3432 r);
365 3361 472 3430 truendo
485 3361 691 3431 persecutionem
704 3377 752 3432 pro
763 3360 872 3430 justitia
885 3378 934 3431 pu·
986 3369 1076 3416 atttern
1089 3364 1238 3419 monachus
1249 3363 1349 3421 Christi
1364 3366 1546 3422 obedientiam
1558 3367 1690 3424 imitando
1709 3369 1781 3425 redit

137 3448 236 3504 sisnter
254 3449 398 3504 toleremus
416 3448 523 3522 (itastis.
537 3466 565 3514 v,
581 3449 656 3503 llom.
671 3450 737 3518 ιιιι);
761 3449 870 3520 qtrando
889 3466 935 3504 uec

136 3543 240 3600 saalum
259 3562 307 3617 pro
321 3544 401 3612 maio,
422 3563 467 3600 uec
482 3545 650 3599 uruledietuur
666 3545 800 3598 reddituris
816 3560 864 3615 pro
880 3560 938 3597 rna-

138 3632 235 3691 isdt'eto
251 3635 277 3709 (l
289 3636 362 3691 Petr.
377 3637 434 3707 ιιι);
457 3636 566 3707 qrrando
581 3651 631 3691 nce
645 3635 737 3690 dolum
752 3635 778 3689 in
794 3635 877 3691 corde
894 3642 935 3689 te-

139 3740 248 3794 nemus,
258 3745 305 3784 uec
315 3729 461 3784 iracundiis
473 3737 573 3800 tempus
587 3745 749 3784 reserrentur
761 3727 869 3801 (Epires.
880 3726 934 3800 tr);

987 3452 1021 3508 ad
1037 3453 1191 3508 bominum.
1205 3453 1291 3510 Adam
1306 3456 1380 3511 euim
1393 3457 1526 3528 peccarit,
1549 3457 1596 3512 sed
1615 3472 1666 3514 nce
1685 3472 1782 3528 pecca-

987 3551 1043 3599 tum
1059 3561 1137 3601 suum
1154 3547 1290 3615 cognorit,
1310 3563 1361 3603 nec
1375 3550 1479 3620 peccati
1496 3550 1604 3605 reniam
1624 3551 1781 3621 postularit.

988 3635 1108 3691 Cbristrts
1121 3644 1212 3692 autem
1222 3647 1356 3708 peecatum
1368 3656 1420 3695 uon
1433 3641 1506 3711 fecit,
1517 3641 1649 3696 uccdolus
1663 3643 1783 3698 iurentur

987 3735 1026 3780 cst
1040 3726 1067 3780 ia
1082 3743 1126 3780 ere
1140 3727 1198 3797 ejas
1211 3726 1237 3799 (l
1252 3725 1325 3782 Patr.
1341 3727 1383 3801 ιι),
1400 3732 1446 3786 sed
1460 3741 1488 3785 ut
1504 3749 1551 3787 uos
1565 3742 1698 3804 operculo
1711 3734 1782 3789 redi·

140 3823 252 3892 quando
269 3833 399 3895 precepta
414 3823 520 3878 Domini
539 3824 616 3894 [actis
631 3824 748 3897 quotidie
765 3822 938 3895 udiraplemus
987 3829 1088 3886 rueret,
1114 3820 1201 3888 [actura
1220 3831 1258 3876 cst
1279 3822 1402 3878 eirctiiens
1419 3821 1495 3878 Patri
1514 3841 1595 3896 rrsqrre
1621 3826 1655 3879 ud
1671 3834 1782 3881 urorteut

139 3910 258 3988 (1001),
272 3923 300 3971 οι
313 3915 449 3972 seniorum
462 3924 617 3973 nostrorum
630 3917 799 3989 jussionibus
811 3918 838 3971 ῑῃ
849 3917 938 3972 omni.
989 3906 1072 3981 (Plril.
1089 3911 1137 3977 ul;
1154 3921 1180 3966 et
1195 3912 1318 3967 intramus
1336 3931 1384 3982 pre
1399 3916 1473 3970 stolis
1487 3917 1635 3986 passionem
1659 3925 1783 3971 mortens·

139 4002 193 4061 bug
208 4006 366 4073 obedimug3
382 4008 491 4079 quando
505 4008 620 4062 ofmpom·
634 4008 783 4079 [requenter
793 4006 938 4062 purgum,
990 4009 1039 4063 pue
1051 3998 1187 4061 sustinuit,
1202 3997 1276 4050 notis
1288 3997 1437 4067 relinquens
1451 4000 1611 4072 erernplum,
1624 4010 1652 4054 ut
1667 4003 1776 4056 irnitau·

139 4092 232 4169 (deut.
247 4096 309 4170 ιιι),
324 4097 435 4170 eipiiiis,
454 4098 581 4170 jejrrniis,
600 4096 791 4170 lacrymisque,
809 4107 833 4153 et
848 4096 938 4153 multis
997 4105 1037 4151 tes
1048 4111 1107 4149 ertrrt
1125 4111 1268 4166 sequautur
1280 4097 1387 4166 restipiu
1400 4097 1459 4167 ejus
1475 4097 1498 4168 (l
1515 4097 1775 4163 peremturum

139 4184 287 4254 tatodtm,
301 4190 460 4261 diversisque
476 4190 659 4262 afflictionibus
674 4191 831 4260 obstipatum
843 4207 937 4262 corpus
992 4182 1066 4238 enlm
1080 4189 1188 4238 cedente
1201 4201 1289 4239 omues
1310 4187 1458 4255 cecidimus,
1472 4198 1495 4241 et
1518 4191 1605 4243 omniu
1621 4189 1687 4242 botta
1713 4207 1775 4260 ope·

138 4278 335 4335 inseruitutem
351 4279 508 4350 redipiutau
529 4296 632 4333 crucem
646 4288 762 4334 rostrum
775 4277 902 4343 tollimus,
914 4286 939 4332 et
988 4292 1019 4330 ro
1042 4280 1217 4345 perdidimus.
1245 4279 1280 4334 ln
1315 4279 1418 4337 Cirristo
1461 4290 1549 4336 mrtem
1583 4286 1775 4338 resurreximus·

139 4370 299 4442 strepentes
311 4372 481 4442 nosmetipsas
496 4379 553 4441 post
565 4368 698 4424 Christum
711 4385 816 4423 currere
829 4369 940 4437 festine-
991 4363 1003 4418 l
1018 4360 1080 4419 cet.
1104 4363 1166 4437 xv),
1182 4372 1210 4420 ct
1223 4364 1326 4434 maiora
1341 4373 1368 4420 et
1381 4366 1439 4422 siue
1455 4366 1509 4421 line
1524 4382 1652 4421 mansura
1676 4368 1784 4437 recepi-

139 4477 200 4517 ttttts
210 4460 236 4534 (l
248 4461 310 4518 Cor.
323 4479 371 4529 ιιι,
385 4460 486 4518 Colore.
499 4479 536 4527 ιι,
552 4459 640 4516 lGor.
653 4462 703 4534 rx).
723 4463 812 4516 lralror
826 4476 939 4533 prorsus
991 4472 1051 4512 rum
1067 4473 1073 4508 :
1089 4456 1126 4510 ita
1142 4465 1243 4522 tamen,
1261 4456 1283 4511 ai
1306 4466 1514 4527 perseueranter
1528 4459 1587 4530 ejus
1608 4459 1722 4529 vestigia
1746 4469 1785 4514 tea

139 4551 302 4609 obedientis·
316 4561 358 4610 est
370 4554 459 4610 omnis
472 4569 522 4625 pro
538 4555 592 4609 beo
606 4554 753 4626 castigatio
767 4555 899 4625 eorporis,
913 4563 940 4610 et
991 4565 1114 4605 rreamus.
1145 4549 1231 4605 ddum
1250 4565 1300 4605 uos
1314 4551 1471 4607 obnoxiavit
1487 4550 1566 4607 merlis
1588 4551 1713 4607 omnibus
1737 4567 1786 4622 per

139 4640 251 4698 sibictio
265 4644 367 4708 cordis,
381 4645 481 4710 vilitas,
497 4645 586 4700 omnis
601 4645 752 4715 despectio,
775 4653 802 4699 ct
822 4643 939 4715 abjectio
989 4640 1127 4712 propriam
1144 4640 1262 4711 eulpam,
1277 4641 1323 4697 sed
1336 4641 1437 4697 Christi
1454 4658 1504 4698 nos
1518 4641 1786 4699 libcraritadrentus

138 4732 348 4788 monachorum.
376 4734 440 4789 llaee
461 4736 532 4790 euim
554 4745 597 4792 est
617 4745 693 4792 areta
716 4745 743 4792 et
767 4745 880 4808 angrrsta
895 4737 938 4791 ria
989 4730 1177 4802 pergratiam.
1193 4730 1228 4785 Et
1241 4738 1272 4785 ut
1287 4739 1372 4787 totum
1387 4733 1485 4799 diram,
1513 4733 1695 4790 inobedientia
1720 4733 1787 4790 Artas

139 4838 203 4895 urrae
220 4839 272 4895 per
291 4841 319 4881 se
339 4827 494 4898 gradientes
515 4829 548 4883 ad
566 4829 650 4885 ettam
671 4831 796 4902 perducit
808 4839 938 4886 mter-nam
991 4823 1069 4879 nobis
1080 4822 1192 4878 abstulit
1204 4822 1371 4895 paradisum,
1387 4824 1539 4880 obedientia
1560 4824 1662 4882 Christi
1677 4825 1787 4882 donarit

140 4912 253 4986 (batti.
271 4932 333 4983 rvr,
362 4917 448 4974 llere.
466 4936 532 4987 rrrr,
557 4919 686 4993 Luem).
713 4921 743 4978 In
764 4923 816 4979 lunc
838 4923 940 4979 etenim
990 4925 1018 4973 et
1043 4933 1167 4989 regnum.
1187 4917 1258 4988 Ergo
1282 4917 1328 4988 qui
1355 4933 1405 4987 per
1434 4917 1624 4973 inobedientiae
1653 4918 1786 4975 desidiam

139 5008 259 5066 tideliter
281 5011 457 5077 minorantes,
486 5022 513 5070 et
538 5031 624 5086 nsque
650 5015 677 5069 tn
703 5014 785 5071 ssnem
809 5032 938 5089 perseve-
991 5010 1261 5077 recessimusaltro,
1274 5025 1324 5081 per
1337 5008 1499 5066 obedientiae
1511 5010 1633 5068 laborem
1643 5013 1787 5069 redeamus

140 5109 236 5159 rantes
266 5105 300 5158 au
333 5106 494 5162 ereruuaus
525 5107 678 5163 salientem
710 5107 940 5180 refectionemque
991 5100 1026 5156 su
1040 5100 1136 5167 oerum,
1158 5108 1188 5155 ur
1205 5101 1352 5172 irnptearur
1369 5100 1396 5156 itt
1414 5102 1518 5158 uobis:
1543 5101 1596 5158 Per
1616 5103 1698 5159 aliem
1719 5104 1787 5159 esau

139 5195 250 5252 inritati
274 5197 452 5253 merebuntur
475 5197 594 5254 audire:
613 5196 704 5254 Venite
725 5200 761 5254 ud
785 5216 827 5254 rue
849 5216 939 5254 emeres
991 5193 1087 5249 reuersi
1097 5203 1158 5248 saut
1170 5193 1199 5248 ia
1215 5195 1345 5265 repioueut
1357 5212 1434 5250 suem
1448 5195 1524 5269 (Luc.
1538 5197 1579 5267 n).

139 5287 188 5361 qui
208 5286 347 5357 laboretis,
369 5298 394 5343 et
417 5291 518 5345 onerati
539 5290 615 5357 estis,
640 5298 664 5344 et
678 5306 723 5361 epo
744 5290 861 5360 reficiam
882 5307 938 5357 uos,
1028 5281 1069 5338 sd
1088 5291 1112 5339 te
1129 5300 1190 5356 erqo
1209 5283 1275 5339 utiiri
1293 5301 1379 5340 serato
1392 5285 1526 5358 diripitur.
1539 5287 1614 5343 llulti
1627 5284 1787 5342 lrocinloco

140 5376 209 5434 dieu
231 5378 363 5434 oemtnm
386 5377 494 5452 (traria.
522 5379 572 5451 ιι).
601 5378 772 5436 sicutenim
799 5381 941 5435 uunruiras
991 5390 1075 5440 mete,
1096 5389 1147 5445 uro
1163 5375 1228 5430 eutr
1249 5376 1328 5447 quast
1352 5377 1528 5434 emendantes
1554 5383 1722 5433 commutare
1740 5388 1787 5430 m

141 5468 296 5525 obediendo
317 5469 471 5527 obedientia
498 5471 598 5526 dieitur
614 5513 621 5538 ,
637 5471 674 5526 ita
703 5472 829 5541 superbia
843 5472 941 5527 inobe-
991 5475 1092 5521 urantur
1104 5506 1112 5530 ι
1125 5466 1280 5524 nescientes
1291 5467 1362 5538 quod
1375 5468 1427 5524 hoc
1442 5483 1539 5540 genere
1551 5467 1696 5523 locutionis
1708 5464 1785 5522 mulli

140 5554 244 5615 diendo
255 5560 437 5617 inobedientia
451 5560 561 5616 dieitur.
581 5560 689 5616 Desidia
708 5567 808 5627 auteur,
830 5560 940 5632 pigritia
991 5554 1218 5613 scholasticorum
1240 5558 1366 5617 doctores
1393 5563 1434 5616 rrsl
1454 5568 1518 5615 srrut
1543 5575 1551 5614 ε
1572 5561 1643 5614 sicut
1669 5557 1786 5629 qrrodtm

143 5650 187 5708 rel
202 5651 317 5709 tarditas
329 5654 439 5710 elicitur.
454 5653 531 5710 Unde
542 5660 571 5709 et
592 5653 620 5708 lri
634 5655 680 5725 quui
697 5653 731 5709 ad
752 5652 853 5708 boutrm
871 5671 940 5726 opus
991 5649 1051 5706 loeo
1075 5649 1174 5705 beatus
1195 5649 1344 5723 Gregorius
1361 5652 1400 5706 ait
1417 5670 1423 5706 :
1441 5652 1504 5706 llaec
1517 5651 1583 5705 milri
1603 5651 1637 5705 ad
1655 5666 1703 5709 cos
1715 5652 1787 5709 dieta

141 5743 216 5801 turdi
239 5744 364 5818 pigrique
383 5747 559 5805 iurctriuntur
581 5745 688 5803 desides
713 5754 855 5802 rorantur.
879 5746 939 5815 Quo
991 5744 1056 5800 sint.
1071 5741 1105 5798 lit
1127 5741 1191 5798 alibi
1206 5759 1212 5796 ε
1227 5740 1288 5799 Jaru
1309 5738 1379 5798 eninr
1403 5743 1469 5798 milri
1488 5744 1522 5799 ad
1545 5760 1596 5800 ras
1615 5760 1711 5802 serum
1727 5760 1799 5800 emm·
