3810 6120
133 239 204 299 lost

786 259 791 274 ·
852 228 1043 287 obtutuum.

1693 200 1763 287 ross

131 366 228 414 contra
245 357 314 410 hanc
328 362 428 409 nostrae
441 350 607 408 dilllnitionls
622 351 663 406 rei
679 351 819 422 apostolici
836 351 920 421 prit'i-
936 354 959 413 „t
974 349 1054 403 nitati
1071 357 1140 414 tuae,
1156 346 1330 419 benignitatis
1345 346 1441 402 studiis
1455 346 1579 412 inritati,
1595 347 1764 415 direximus,

134 447 197 518 legii
214 445 406 500 auctoritatem
422 444 516 498 uenire
532 443 694 506 tentaverit,
709 457 742 496 er
761 441 926 494 auctoritato

133 538 283 611 apostolica
297 537 458 601 statuimus,
473 545 519 600 nt,
535 537 558 590 si
573 535 793 604 archiepiscopus
808 531 852 588 rol
866 534 925 603 epi-

134 643 234 698 ecopus
245 625 342 690 luerit,
356 640 389 680 ex
400 626 496 680 ordine
509 626 669 696 praesulatus
682 626 717 679 sit
731 625 870 695 dejectum
888 623 927 678 si-

134 720 238 778 militer
252 719 395 789 presbyter
407 719 449 773 rel
464 719 594 773 diaconus
608 726 657 771 aut
668 717 737 772 alins
750 717 864 786 quilibet
876 715 927 770 mi-

135 810 222 867 aister
237 809 309 863 sacri
325 809 471 864 ministerii
486 809 509 863 si
525 808 624 873 luerit,
642 809 677 862 ab
689 808 784 863 ordine
798 808 833 861 sit
846 807 928 874 depo

134 902 204 959 situs
216 919 225 966 ;
239 901 264 957 ai
279 910 371 955 autem
383 915 418 955 et
431 915 544 955 numero
559 900 689 954 laicorum
702 899 797 963 luerit,
811 907 866 952 tam
879 912 928 951 rex

136 1008 219 1064 quam
231 993 376 1064 princeps,
390 1001 437 1046 aut
450 990 575 1061 quaelihet
588 1006 686 1062 magna
700 992 758 1046 sire
772 1004 854 1061 parra
867 1004 929 1060 pcr-

137 1099 219 1144 sooa.
237 1100 254 1137 a
268 1099 354 1139 sacra
366 1084 567 1139 communionis
582 1083 790 1153 participatione
802 1097 833 1138 se
845 1096 928 1136 nore-

137 1175 175 1231 rit
195 1176 326 1229 alienum.
351 1173 426 1229 Hanc
446 1173 579 1244 privilegii
599 1175 744 1244 paginam,
769 1174 929 1228 auctoritate

136 1266 210 1321 boati
226 1265 299 1319 Petri
317 1264 501 1333 apostolorum
518 1264 666 1335 principis,
683 1264 760 1333 cujus
777 1262 929 1318 ministerio

138 1355 286 1427 fungimur,
302 1355 372 1418 tibi,
386 1354 548 1419 Athelardc‚
564 1356 672 1424 tuisque
686 1354 889 1410 successoribus
901 1351 929 1407 in

137 1454 297 1516 perpetuum
314 1442 487 1498 concedimus
501 1443 684 1498 obtinendam.
700 1442 741 1497 Ad
755 1441 831 1511 cujus
846 1441 931 1496 hrrid-

139 1543 223 1591 tatem
238 1533 364 1589 manibus
375 1533 478 1589 uostris
490 1533 717 1602 subscriptionum
730 1532 929 1602 impressimus,

139 1626 270 1696 illamque
283 1625 393 1681 nomine
406 1632 501 1679 nostro
514 1624 615 1695 signari
629 1625 827 1680 mandavimus.
843 1625 930 1691 Quam

976 438 1156 495 concedentes
1178 438 1260 493 ctiam
1284 436 1331 492 tihi
1355 436 1763 511 ordinationescpiscoporum,

976 530 1102 599 exigente
1121 529 1338 599 opportunitate,
1359 526 1466 582 bornini
1484 530 1668 598 praeveniente
1687 532 1767 586 mise-

978 617 1114 682 ricordia,
1130 619 1270 673 celebrare
1283 633 1290 683 ;
1310 618 1347 672 ita
1360 622 1391 672 ui
1403 616 1506 673 Christi
1521 620 1689 691 evangelium
1704 622 1765 693 plu-

978 711 1109 765 rimorum
1125 709 1330 765 anmrntiationc
1345 710 1371 763 in
1394 710 1520 766 omnibus
1543 714 1683 782 gentihus,
1707 730 1767 786 qum

978 803 1092 859 necdum
1115 816 1252 857 conuersae
1276 811 1355 868 sarm,
1378 803 1514 871 dilatetur,
1532 811 1585 859 etc.
1602 825 1611 857 ι
1626 804 1693 860 Nam
1718 807 1768 861 iste

978 893 1074 948 iustus
1093 901 1157 946 ante
1173 893 1207 946 ab
1225 892 1376 961 Augustino
1392 894 1535 963 episcopus
1554 894 1695 950 ordinatus
1711 902 1767 959 cst,

979 986 1050 1041 sicut
1062 997 1089 1038 et
1104 984 1230 1039 hlcllitus.
1247 983 1305 1054 lpse
1321 999 1428 1055 quoque
1443 983 1536 1041 iustus
1548 987 1685 1042 ordinarit
1700 986 1768 1043 Pan-

979 1074 1063 1130 linunr
1080 1077 1256 1148 episcopum,
1275 1083 1302 1131 ct
1320 1076 1453 1132 lionorius
1469 1092 1536 1149 papa
1561 1079 1635 1135 misit
1657 1080 1766 1152 pallium

979 1166 1031 1240 ipsi
1039 1168 1163 1235 Paulino,
1175 1168 1220 1224 uhi
1231 1174 1339 1240 gentem
1348 1168 1631 1242 Nardanhymhrorum
1646 1189 1707 1229 curn
1721 1190 1769 1228 sno

980 1272 1044 1330 rege
1054 1258 1087 1314 ad
1100 1259 1180 1315 iidem
1191 1246 1301 1325 Christi,
1313 1258 1645 1332 Paulinoernrngclizante,
1655 1280 1769 1320 corruer-

981 1362 1038 1404 sam
1051 1361 1112 1404 esse
1125 1349 1229 1405 didicit.
1245 1348 1297 1418 Qui
1312 1350 1440 1407 Paulinus
1455 1361 1516 1423 post
1530 1354 1632 1408 obitura
1647 1355 1770 1425 praedicti

980 1436 1066 1507 lusti,
1080 1441 1229 1497 lionoriuru
1242 1441 1439 1497 [iocorcrnensl
1452 1443 1579 1499 Ecclesia
1592 1446 1771 1515 arciriepisco·

981 1533 1216 1603 prenominavit,
1237 1535 1280 1590 cui
1299 1535 1381 1588 ctiam
1401 1534 1530 1603 praelatus
1549 1552 1618 1606 papa
1638 1534 1772 1592 llonorhrs

982 1622 1056 1677 misit
1067 1623 1178 1693 pallium
1192 1631 1219 1679 ct
1230 1623 1345 1689 litteras,
1358 1623 1384 1678 in
1399 1624 1497 1693 qtrihus
1509 1627 1683 1681 continentur
1696 1628 1752 1682 turc
1767 1644 1772 1681 :

139 1718 224 1775 etiam
239 1733 254 1772 a
270 1717 366 1789 Sergio
379 1717 523 1772 scriniario
542 1724 636 1771 nostro
653 1716 735 1772 scribi
753 1698 975 1787 praecepimusli
1022 1731 1031 1765 ι
1050 1714 1230 1770 Dilectissimo
1249 1712 1326 1769 tratri
1342 1712 1478 1777 lionorio‚
1496 1714 1633 1775 lionorius
1648 1716 1771 1771 salntem.

140 1824 235 1866 mensu
246 1807 384 1863 ianuario.
399 1808 460 1862 liat.
478 1823 512 1862 xv
527 1805 589 1861 Kal.
604 1806 744 1862 Februarii
761 1823 810 1877 per
823 1820 932 1861 manum
985 1799 1066 1856 Juxta
1080 1811 1199 1858 uestram
1213 1803 1371 1874 petitionem
1387 1812 1414 1858 et
1429 1804 1545 1858 liliorum
1562 1815 1717 1860 nostrornm
1732 1822 1773 1861 re-

140 1902 297 1968 Eustachii,
312 1902 461 1972 primicerii
479 1908 579 1956 sancte
593 1899 833 1969 sedisapostolicae
849 1898 933 1968 impe·
984 1909 1065 1965 gum,
1082 1893 1159 1948 vobis
1173 1909 1222 1963 per
1236 1902 1397 1963 praesentem
1412 1903 1533 1949 nostram
1548 1897 1773 1966 preceptionem,

140 2005 219 2049 rante
235 1994 344 2049 domino
362 1991 459 2047 Garoio
475 1991 599 2061 piissimo
616 2030 624 2054 ‚
643 1988 776 2054 consule,
794 1987 931 2057 Augusto,
984 1982 1044 2037 rice
1055 1982 1127 2037 beati
1143 1982 1216 2037 Petri
1232 1983 1415 2053 apostolorum
1430 1985 1571 2054 principis,
1586 1987 1774 2041 auctoritatem

141 2102 156 2141 a
181 2086 237 2140 Deo
259 2094 405 2150 coronato,
428 2098 542 2155 magno,
564 2081 732 2152 pacificoque
755 2081 933 2151 imperatore,
985 2074 1147 2140 tribuimus,
1167 2086 1196 2129 ut
1213 2075 1322 2145 qrrando
1337 2092 1418 2130 unurn
1436 2092 1468 2131 ea
1491 2076 1567 2132 robis
1584 2077 1674 2132 (lirina
1692 2080 1725 2133 ad
1745 2096 1775 2133 se

143 2192 216 2230 anno
229 2177 348 2230 secrmdo
360 2183 422 2246 post
435 2174 604 2229 consulatum
620 2172 741 2242 ejttsdem
755 2169 874 2235 domini,
891 2170 933 2224 in·
982 2164 1096 2235 iusserit
1109 2165 1195 2234 gratia
1211 2167 1334 2233 euocari,
1352 2165 1434 2235 isqui
1451 2178 1587 2237 superstes
1608 2166 1688 2223 luerit
1709 2169 1774 2223 altc-

143 2267 260 2322 dictioue
274 2268 390 2322 decima.
986 2273 1046 2313 rum
1070 2257 1096 2311 in
1118 2257 1177 2312 loco
1201 2257 1320 2313 defuncti
1345 2259 1440 2314 debeat
1462 2260 1617 2330 episcopum
1640 2261 1775 2316 ozrlinnrc.

402 2355 569 2411 bristout
590 2354 671 2410 lli'll.
738 2376 744 2381 ·
986 2346 1040 2402 Pro
1061 2363 1113 2418 qua
1135 2349 1218 2403 ctiam
1242 2366 1271 2404 rc
1294 2350 1398 2421 singula
1422 2362 1519 2406 restrae
1542 2352 1677 2407 dilectioni
1698 2354 1776 2423 pallia

417 2446 640 2518 (Fragmentum.
653 2444 663 2517 i
986 2453 1035 2509 pro
1050 2440 1143 2494 eadem
1158 2442 1328 2496 ordinatione
1343 2441 1468 2496 celebran
1480 2443 1504 2495 la
1518 2443 1675 2508 direrirnns,
1688 2454 1717 2497 nt
1730 2462 1776 2515 per

289 2536 350 2607 [Es
363 2535 460 2601 lucus,
477 2535 553 2588 beer.
570 2553 596 2604 p.
613 2550 658 2600 nr,
674 2550 697 2588 c.
715 2532 795 2605 ἰοὶ]
988 2539 1087 2586 nostru
1106 2533 1296 2602 preceptionis
1314 2534 1503 2589 auctoritatem
1522 2535 1632 2604 possitis
1649 2535 1704 2591 lico
1717 2536 1776 2606 pla·

179 2627 280 2684 Contra
299 2639 456 2683 sanctorum
474 2628 585 2682 Patrona
606 2640 736 2681 censuras
752 2624 862 2679 ridetur
880 2623 938 2678 exi·
987 2621 1070 2676 citam
1083 2624 1280 2678 ordinationem
1293 2625 1420 2680 chiccrc:
1437 2628 1499 2696 (guia
1515 2634 1543 2681 nt
1556 2628 1614 2683 haec
1626 2628 1701 2684 roms
1714 2643 1776 2684 con·

144 2727 235 2784 sture,
249 2720 272 2774 si
288 2719 427 2774 secrrlaris
446 2719 528 2772 homo
545 2715 588 2771 rel
607 2716 692 2771 laicus
709 2715 885 2786 presbyteros
904 2712 938 2767 ab
988 2713 1156 2779 cederemus,
1169 2715 1247 2785 longa
1264 2723 1397 2769 terrarum
1414 2719 1550 2788 rrrariszprc
1562 2718 1701 2773 irrterralla
1718 2735 1777 2790 qua

144 2809 281 2872 ecclesiis,
298 2810 323 2864 in
339 2810 438 2878 onibus
452 2815 575 2878 ternpore
588 2805 765 2861 ordinationis
785 2818 878 2860 corum
893 2803 939 2859 de-
989 2809 1061 2863 iuter
1074 2822 1123 2864 ros
1141 2816 1168 2864 et
1196 2822 1244 2864 nos
1262 2809 1399 2864 obsistunt
1422 2810 1529 2866 adhaec
1550 2827 1598 2867 nos
1615 2812 1779 2867 condesccn·

144 2901 275 2956 nominati
292 2900 334 2956 rcl
348 2900 494 2954 introducti
510 2897 627 2962 tuerint,
642 2898 743 2953 nitetur
749 2892 901 2966 expellere.
989 2897 1054 2954 dere
1068 2909 1231 2970 coegerunt,
1248 2905 1278 2953 nt
1291 2898 1364 2954 nulla
1379 2900 1463 2969 possit
1478 2900 1661 2956 Ecclesiarum
1676 2910 1775 2959 restra·

400 3004 568 3063 EPISTOLA
585 3003 677 3060 livill,
952 3042 976 3106 c
990 3000 1050 3044 rum
1061 2989 1166 3061 ,iactura
1179 3004 1228 3060 per
1240 2989 1383 3058 cujrrslihet
1396 2990 1548 3045 occasionis
1560 2992 1699 3047 obtentum
1714 3009 1777 3064 qaro-

164 3115 267 3155 orantus
287 3115 384 3155 rorros
401 3114 554 3154 unrrrnrrrnr
573 3111 752 3153 emscoroauu
770 3112 805 3151 er
823 3110 919 3151 sicea·
990 3097 1044 3153 (1¹¹⁰
1068 3085 1149 3140 ¹¹¹⁰d0
1173 3086 1334 3155 peruenire,
1359 3085 1407 3142 ⁸011
1431 3087 1520 3158 P0iius
1544 3089 1681 3145 ⁰⁰i¹¹¹¹¹iS⁸i
1705 3090 1781 3148 milii

406 3185 496 3224 oorru
514 3185 548 3222 ao
567 3180 681 3222 aeones.
989 3174 1082 3246 populi
1096 3174 1267 3231 devotionem
1281 3176 1388 3246 plenius
1403 3193 1563 3250 propagare.
1580 3178 1651 3236 licus
1666 3189 1691 3236 tc
1706 3182 1780 3238 inco-

160 3260 201 3315 oe
216 3260 380 3314 successione
396 3260 649 3329 archiepiscoporum
665 3256 919 3311 dorobernensium.
990 3266 1091 3323 lumem
1105 3269 1256 3335 custodiat,
1274 3270 1448 3327 dilectissime
1461 3270 1555 3328 trater.
1573 3294 1582 3326 ‚

180 3352 281 3408 Omnes
296 3352 416 3421 0P³⁵00Pi
430 3359 458 3405 ⁰²
473 3351 628 3405 θθΰθῐῦθῑθὸ
640 3350 724 3405 ῑθῑῑῦὸ
736 3348 885 3404 Britanni&
898 3348 939 3403 in·
1024 3356 1091 3415 ltcm
1104 3359 1219 3415 Alhimrs
1230 3361 1272 3415 rel
1284 3360 1415 3418 Alcninus
1428 3364 1563 3419 maximus
1575 3364 1702 3420 librarius
1715 3368 1780 3421 scri-

145 3444 213 3500 sulae
227 3441 374 3497 venerabili
388 3456 463 3511 papas
477 3439 561 3495 Leoni
576 3440 690 3495 salutem
707 3440 733 3493 ln
748 3438 867 3493 Christo.
989 3450 1045 3520 μὴ
1061 3451 1095 3505 ,g
1112 3449 1216 3515 offam,
1234 3467 1326 3522 ,egem
1344 3452 1508 3524 Angpormm
1533 3454 1625 3510 dicens
1645 3456 1715 3525 quod
1738 3473 1781 3512 ar-

181 3535 281 3590 Notum
301 3533 360 3589 lore
378 3535 502 3602 cupimus
518 3533 632 3587 almitati
649 3539 764 3595 restrae,
783 3529 854 3584 sient
871 3528 939 3600 legi·
990 3540 1180 3613 chiepssfflpus
1197 3556 1305 3614 semp„
1322 3543 1356 3597 ab
1376 3543 1579 3616 archiepiscopo
1596 3547 1694 3603 debeat
1709 3549 1782 3604 ordi-

146 3643 209 3685 nm
222 3628 249 3682 iil
263 3626 386 3681 historiis
397 3624 563 3695 Anglomm,
578 3622 712 3677 scribente
726 3620 799 3674 Beda
812 3619 941 3674 historio-
991 3632 1068 3695 nari,
1083 3639 1111 3686 et
1126 3624 1237 3701 pallium
1253 3631 1277 3686 ci
1293 3632 1373 3688 debet
1389 3633 1459 3688 mitti
1474 3651 1489 3688 a
1502 3634 1603 3692 domno
1618 3639 1776 3710 apostolico.

147 3719 250 3791 ΜΝ)
267 3726 296 3773 θῑ
312 3716 439 3771 liuilibffi
459 3715 570 3769 d⁰⁰¹⁰i⁰
587 3723 700 3777 ¹¹⁰⁵¹i⁰v
720 3712 792 3782 ‘1¹¹⁰d
812 3726 867 3766 ¹¹⁰⁰
885 3719 940 3766 iim
991 3720 1044 3776 Sed
1070 3734 1163 3791 regrum
1187 3720 1370 3776 dissensiones
1389 3722 1459 3778 hanc
1482 3725 1659 3782 turbaverunt
1672 3730 1779 3785 ordina-

147 3808 245 3879 iogeus
260 3807 337 3862 labor
350 3805 524 3861 incumbebat
538 3804 721 3859 austerioribus
736 3803 854 3866 nostris,
869 3802 942 3858 scili·
991 3813 1109 3877 cionem,
1126 3813 1161 3867 ita
1176 3820 1205 3867 ut
1221 3828 1273 3867 non
1298 3816 1416 3884 potuerit
1438 3814 1495 3872 heri
1511 3818 1582 3886 qarod
1597 3819 1654 3874 heri
1670 3822 1776 3888 richarii,

149 3909 193 3954 cet
207 3899 280 3969 pallii
297 3899 384 3969 gratia
397 3897 511 3951 llornam
525 3910 612 3965 usquo
625 3894 751 3963 fatigari,
765 3895 941 3964 ‹pnenradmo-
991 3901 1114 3971 quamtis
1128 3902 1214 3956 sancti
1226 3915 1343 3957 canones
1355 3902 1509 3959 firrnisshne
1520 3893 1702 3964 decreuissent
1715 3927 1783 3967 ιιιιιι-

148 3992 212 4045 ιΙιιιιι
225 4002 317 4060 postca
330 4005 389 4044 mos
403 3989 522 4044 inolerit.
541 3988 655 4057 Scripsit
668 4003 785 4057 namque
799 3988 856 4058 ipse
869 4004 940 4059 prae-
991 4006 1071 4061 qnam
1097 3993 1133 4047 oh
1154 4006 1246 4062 regum
1269 3992 1451 4050 dissensiones
1476 3996 1660 4054 ecclesiastica
1682 4010 1781 4058 statura

150 4079 222 4136 latras
241 4083 345 4145 Afficior.
367 4081 438 4151 (illoti
454 4082 549 4135 beatus
568 4096 636 4150 papa
655 4079 801 4150 Gregorius
814 4080 942 4151 Augusti·
992 4082 1087 4138 violari
1106 4084 1242 4139 debuisse.
1261 4084 1337 4141 ’lunc
1357 4089 1486 4158 temporis
1502 4089 1681 4161 impleverunt
1695 4097 1781 4151 sancti

151 4189 215 4229 nram
240 4173 447 4243 predicatorem
464 4171 537 4242 genti
555 4170 702 4241 Anglorum
722 4170 868 4235 direxerit,
887 4187 940 4225 non
991 4183 1018 4229 et
1032 4175 1173 4246 apostolici
1189 4177 1241 4231 riri
1257 4176 1321 4232 illud
1335 4178 1467 4235 laudabile
1482 4190 1645 4253 praeceptum
1661 4169 1783 4241 Saltatc-

149 4263 307 4333 ⁰P¹³⁰0P¹¹¹¹¹
326 4263 498 4325 minatum·
519 4263 566 4316 ⁸⁰1¹
591 4263 770 4326 ffl⁰¹¹²ssh¹¹mr
795 4276 858 4316 0¹¹1ss
882 4260 942 4315 3Ιίῑὸ
991 4265 1031 4321 ris
1048 4266 1153 4331 nostrl,
1172 4267 1306 4323 dicentis:
1329 4268 1418 4324 Gratis
1442 4272 1593 4342 accepistis,
1615 4275 1697 4344 protis
1720 4275 1782 4330 date

150 4352 273 4422 cjrrsdern
304 4353 442 4423 religionis
472 4352 705 4422 cooperatoribus.
736 4351 795 4421 lpse
822 4366 980 4452 namqueD

149 4446 317 4516 Augustinus
334 4454 394 4514 post
411 4444 616 4498 conversionem
632 4442 768 4512 predictae
793 4442 880 4513 gentis
906 4442 940 4496 ab

150 4536 274 4593 AEtherio
298 4535 450 4591 Arelatensi
475 4534 696 4604 archiepiscopo,
721 4534 941 4606 archiepiscopus

150 4629 294 4682 ordinatus
312 4635 368 4691 est,
383 4624 461 4694 juxta
481 4627 552 4696 quod
569 4626 644 4695 jussa
663 4625 750 4680 sancti
766 4623 852 4694 patris
871 4624 939 4680 Gre-

150 4720 219 4788 gorii
239 4726 390 4788 acceperat.
409 4719 506 4773 Postea
523 4733 590 4772 vero
611 4719 778 4789 Augustinus
800 4731 940 4773 successo-

151 4825 209 4863 rem
224 4811 275 4863 sibi
289 4808 462 4863 Laurentium
478 4809 567 4863 adhinc
579 4808 674 4863 vireas
685 4808 837 4873 ordinarit,
850 4824 940 4864 excurr-

150 4904 226 4975 plum
240 4916 356 4971 sequens
367 4902 440 4956 beati
451 4901 524 4956 Petri
539 4900 668 4971 principis
683 4900 881 4969 apostolorum,
895 4901 940 4970 rpd

151 4993 317 5050 Clementem
342 4992 491 5063 adjutorem
515 5002 543 5048 ct
566 5006 750 5048 successorem
774 4993 824 5048 sibi
848 5009 942 5049 conse-

152 5099 244 5138 crasse
259 5084 425 5152 perhihetnr.
446 5083 510 5138 Post
522 5084 697 5138 Laurentium
717 5084 833 5151 llellitns
850 5086 940 5140 sedem

152 5174 367 5229 Poroherncnsrs
383 5174 510 5229 Ecclesiae
524 5176 652 5244 suscepit.
671 5175 704 5228 Et
719 5185 780 5245 post
794 5175 939 5239 liuditum,

152 5265 268 5333 Justns;
285 5269 330 5338 qrri
348 5268 427 5322 anrho
442 5275 619 5335 susceperunt
638 5269 738 5336 scripta
759 5267 940 5322 exlmrtatoria

152 5375 168 5413 a
188 5359 316 5428 pontitice
336 5358 464 5412 humanae
481 5366 508 5410 et
527 5357 681 5426 apostolicae
699 5358 772 5411 sedis
790 5357 943 5421 horrisae-io,

154 5450 218 5506 data
233 5450 283 5504 sibi
298 5448 439 5504 ordinandi
456 5448 597 5517 episcopos
613 5448 791 5512 auctoritate;
807 5447 885 5515 cujus
897 5464 944 5503 au-

153 5542 289 5599 ctoritatis
306 5540 358 5596 ista
374 5549 416 5594 cst
433 5539 529 5593 iorrna.
546 5559 554 5589 ι
571 5539 753 5595 liilcctissirno
771 5539 849 5594 tratri
867 5538 944 5596 insto

153 5633 319 5690 bozrilacins.
336 5632 449 5688 Pallinm
464 5648 513 5703 per
528 5632 641 5690 latorem
656 5633 830 5704 praesentiunt
846 5634 943 5688 irater·

317 5730 454 5788 Parnon..
478 5723 544 5790 cll.

992 4354 1109 4430 (hlutri.
1124 4371 1156 4422 x,
1170 4355 1218 4429 8).
1244 4358 1319 4414 Tunc
1342 4359 1401 4416 sine
1424 4360 1527 4415 ririhus
1550 4361 1670 4435 elanguit
1697 4365 1780 4420 sirno-

993 4447 1071 4501 niaca
1088 4446 1216 4511 heresis,
1234 4448 1295 4516 qrria
1312 4463 1364 4502 non
1379 4450 1492 4519 pecunia
1518 4451 1659 4506 emebatur
1680 4453 1780 4508 donum

994 4536 1042 4591 lici
1055 4577 1062 4602 ‚
1077 4538 1123 4593 sed
1138 4538 1238 4608 gratis,
1255 4540 1395 4609 sicutipse
1410 4540 1543 4611 jusserat,
1560 4542 1719 4599 donabatur.
1737 4545 1782 4602 Ti-

994 4628 1122 4684 mendum
1147 4636 1302 4685 esttamen
1325 4631 1503 4688 rendentihns
1526 4634 1639 4706 gratiam
1662 4635 1709 4692 lici
1729 4636 1782 4694 hou

994 4721 1067 4791 qaod
1080 4721 1176 4777 Petrus
1190 4722 1327 4793 apostolus
1344 4721 1446 4780 Simoni
1462 4724 1586 4782 dicebat:
1603 4723 1719 4784 Paroraia
1733 4740 1781 4785 tuo

996 4821 1079 4866 tecum
1093 4814 1127 4866 sit
1141 4813 1169 4867 in
1183 4813 1348 4883 perditinnc‚·
1363 4832 1413 4868 ιιοιι
1426 4829 1462 4869 cst
1477 4816 1524 4870 tihi
1537 4834 1613 4889 pars,
1630 4837 1710 4892 rrcrpte
1724 4837 1782 4876 sors

992 4904 1021 4957 irt
1036 4919 1154 4958 sermone
1168 4903 1217 4957 hor
1232 4903 1241 4975 (
1254 4904 1311 4958 Act.
1326 4920 1373 4959 sur
1387 4904 1407 4977 )

1287 5015 1472 5074 noltoatrtu

1029 5103 1063 5158 la
1075 5114 1219 5174 sequentem
1233 5104 1359 5173 cpitootcu
1370 5106 1485 5176 epistolae
1497 5107 1591 5163 Leonis
1600 5127 1676 5183 popm
1686 5110 1701 5165 1
1704 5110 1735 5165 tl
1737 5150 1745 5164 .

1052 5214 1257 5269 Vetustissimus
1274 5213 1319 5268 ille
1337 5223 1429 5270 noster
1444 5215 1573 5273 Lucensis
1589 5220 1672 5274 corlcx
1687 5233 1737 5272 ms.
1754 5217 1780 5270 in

996 5301 1028 5340 ro
1039 5285 1154 5338 lectione
1176 5297 1309 5337 canonum
1332 5284 1358 5338 in
1382 5287 1517 5356 epitomen
1542 5290 1711 5343 redactorum
1735 5301 1780 5341 sc·

995 5363 1122 5424 qrrentcm
1141 5354 1244 5422 pariter
1260 5352 1359 5409 Leonis
1378 5358 1520 5426 epistolam
1536 5373 1582 5412 scu
1597 5355 1717 5423 epistolae
1733 5371 1779 5428 sy-

995 5425 1100 5496 nopsim
1115 5423 1242 5488 exhibet,
1256 5437 1337 5494 quarn
1354 5426 1387 5481 ad
1403 5427 1519 5482 Leonem
1535 5427 1607 5480 hnnc
1623 5426 1779 5494 pertinere,

995 5510 1028 5550 ex
1043 5495 1087 5549 illo
1100 5491 1133 5546 ad
1146 5507 1226 5616 <prem
1240 5493 1302 5549 data
1317 5495 1454 5560 scribitur,
1470 5495 1653 5564 intelligimus.
1670 5495 1778 5551 Directa

995 5574 1036 5621 est
1056 5563 1127 5618 enim
1151 5562 1281 5629 .icaino,
1303 5566 1348 5633 orti
1369 5565 1446 5619 alteri
1468 5565 1549 5620 Leoni
1571 5563 1691 5636 pontifici
1712 5565 1778 5621 ntrlli

995 5644 1094 5706 praeter
1108 5649 1189 5703 qrrarn
1201 5635 1283 5691 tertio
1296 5635 1406 5703 mortalis
1420 5635 1495 5688 risit.
1509 5633 1518 5706 l

1523 5725 1564 5786 33
