3810 6120
162 260 213 316 355
823 249 1000 306 sttshacbl
1017 246 1163 316 haustis
1740 243 1793 301 350

161 373 275 428 thronus
288 369 335 426 Dei
343 373 388 434 sit,
396 365 495 439 saphiri
518 349 945 434 habeatsimilitudinemOEzech.
961 368 987 427 Α
1033 357 1126 415 Nonus
1139 357 1268 428 topazius.
1284 356 1416 427 Topazius
1431 356 1519 427 lapis,
1545 362 1678 425 quantum
1699 354 1794 412 inven-

158 462 191 531 ι),
206 472 234 518 et
247 461 331 534 gloria
343 460 448 515 Domini
465 458 492 512 in
506 458 558 513 hoc
573 457 666 512 colore
685 455 835 519 consistat,
858 451 947 524 praeli·
999 451 1072 508 tione
1089 465 1184 512 rartrs,
1206 456 1308 502 tantum
1326 446 1456 502 mercium
1480 445 1632 516 quantitate
1656 444 1795 513 pretiosus

158 561 309 624 gurateum
332 551 380 622 qui
402 556 491 620 portat
512 548 657 619 imaginem
677 543 897 617 supersedeatis,
920 550 949 598 et
998 552 1055 608 est;
1068 541 1112 612 qui
1125 540 1193 595 duos
1203 540 1303 595 habere
1318 539 1404 593 fertur
1414 539 1529 602 colores,
1541 553 1623 591 unum
1636 537 1696 590 auri
1709 537 1797 606 puris·

158 656 219 696 cum
234 641 364 711 Apostolo
386 648 476 710 potest
492 639 599 694 dicere:
617 637 717 692 Nostro
735 635 895 691 conuersatio
919 633 948 689 in
998 631 1233 696 simi,etalterum
1250 630 1368 684 aetherea
1387 628 1512 683 claritate
1537 626 1714 682 relucentem.
1743 626 1794 683 llic

157 732 227 786 ecelis
240 741 286 786 est.
998 723 1106 795 regibus
1120 722 1187 791 ipsis
1214 722 1299 775 fertur
1311 735 1372 774 esse
1390 718 1536 784 mirabilis,
1553 726 1583 772 ut
1598 719 1670 772 inter
1684 718 1795 774 divitias

185 825 502 889 fertiosehaluedonios‚
525 824 571 894 qui
585 822 662 894 quasi
679 821 749 893 ignis
760 821 877 876 lucernae
891 818 948 889 pal·
997 829 1061 870 suas
1071 813 1136 868 nihil
1148 828 1177 869 se
1190 812 1279 868 simile
1291 811 1430 881 possidere
1444 818 1618 880 cognoscant.
1635 805 1719 880 Culus
1734 809 1796 879 pul-

158 921 240 976 lentis
258 921 375 988 speciem
394 917 503 981 retinet,
518 924 545 969 et
566 915 646 969 habet
671 912 800 983 fulgorem
812 911 862 965 soh
875 910 946 974 divo,
997 909 1132 965 cherrima
1148 917 1252 963 naturae
1268 905 1404 977 qualitas,
1430 903 1646 973 contemplativas
1669 903 1732 958 vite
1747 902 1795 958 de·

157 1028 211 1067 non
226 1013 254 1067 in
269 1012 363 1077 domo,
387 1025 440 1080 quo
470 1009 692 1064 demonstrantur
714 1006 753 1070 hi,
769 1004 815 1073 qui
842 1001 947 1056 eoelesti
997 999 1054 1056 cori
1067 998 1224 1070 dignissima
1240 1005 1422 1067 eomparatur.
1436 993 1513 1049 lianc
1523 997 1595 1049 enim
1605 1009 1684 1066 reges
1695 994 1793 1060 saneti,

156 1103 291 1160 desiderio
302 1103 418 1167 subnixi,
434 1100 589 1157 hominibus
603 1109 666 1154 tonc
679 1098 774 1161 latent,
790 1105 816 1151 et
830 1094 907 1168 quasi
920 1094 946 1147 in
997 1103 1112 1161 quorum
1127 1104 1174 1143 eor
1187 1096 1229 1143 est
1244 1089 1270 1143 in
1284 1102 1366 1142 manu
1377 1086 1435 1150 Dei,
1450 1084 1555 1141 conctis
1575 1085 1709 1140 benonim
1727 1098 1795 1154 ope·

117 1259 121 1267 ¹
158 1194 317 1250 alrscondito
339 1191 483 1263 jejunium,
498 1189 705 1260 eleemosynam,
722 1201 870 1258 precesque
884 1198 948 1239 suas
997 1198 1057 1237 rum
1074 1183 1184 1246 divitiis,
1201 1183 1392 1252 universisque
1408 1180 1539 1237 virtutum
1556 1180 1671 1251 gemmis
1694 1181 1794 1237 merito

156 1292 248 1356 agunt,
264 1284 384 1340 sedcum
405 1283 447 1337 vel
473 1280 618 1345 doctrine,
644 1281 687 1336 rel
706 1279 766 1334 aliis
793 1287 946 1333 sanctorum
996 1272 1155 1343 praeferunt,
1171 1280 1245 1327 tantu
1255 1272 1393 1327 ardentius
1406 1271 1525 1327 celestis
1537 1270 1601 1326 vitat
1624 1271 1793 1326 duloedinern
1824 1292 1828 1299 ·

156 1375 251 1430 nslhus
267 1373 431 1439 inservituri,
446 1372 627 1443 adpublicum
638 1371 784 1442 procedere
795 1367 946 1438 jubentur,
996 1364 1086 1418 animo
1108 1361 1328 1432 complectentes,
1345 1369 1448 1430 quanto
1468 1358 1638 1430 frequentius
1668 1373 1794 1429 superna

156 1480 218 1520 mos
233 1465 312 1533 quasi
325 1462 435 1534 fulgoris
449 1462 560 1517 lucerna
572 1462 664 1517 lucent
676 1469 703 1516 et
717 1461 813 1515 ardent
828 1474 835 1512 :
850 1460 948 1514 ardent
996 1453 1090 1525 gratie
1100 1451 1202 1507 fuerint
1219 1451 1362 1522 splendore
1376 1448 1507 1520 percussi.
1532 1447 1638 1503 liabent
1651 1463 1715 1519 ergo
1728 1463 1794 1503 san·
1871 1519 1873 1523 Ι

155 1555 281 1611 videlicet
295 1569 397 1619 amore,
412 1554 503 1608 lucent
514 1567 648 1608 sermone.
997 1548 1033 1603 cti
1045 1547 1095 1601 viri
1110 1559 1221 1601 aureum
1234 1544 1364 1607 colorem,
1373 1551 1400 1600 et
1409 1543 1512 1598 interea
1523 1539 1637 1597 flammae
1649 1540 1795 1595 eharitatis

192 1646 310 1714 Quartus
326 1644 548 1716 smaragdos,qui
561 1644 650 1698 nimiae
660 1643 803 1698 viriditatis
813 1649 863 1708 est,
879 1643 946 1697 adeo
997 1638 1097 1694 habent
1108 1637 1265 1703 ethereum,
1280 1651 1313 1691 ex
1341 1649 1463 1705 supernae
1487 1631 1714 1702 contemplatione
1729 1631 1792 1687 dul-

156 1743 188 1791 ut
200 1735 299 1791 herbas
322 1734 442 1790 virentes
467 1733 677 1804 frondentesque
700 1747 840 1804 gemmas,
865 1733 947 1788 etiam
962 1717 984 1776 Β
998 1727 1111 1784 cedinis.
1126 1727 1202 1794 Quod
1220 1742 1285 1782 vero
1299 1726 1326 1781 in
1346 1725 1431 1783 insula
1456 1724 1603 1789 Thebaida,
1618 1739 1678 1796 que
1702 1723 1794 1794 Topa-

156 1825 230 1880 oroni
255 1824 377 1880 inficiens
391 1825 464 1880 cirea
485 1839 515 1880 se
531 1824 670 1878 viriditate
693 1838 881 1893 repercussum
904 1839 947 1879 ae·
999 1819 1059 1874 zion
1075 1818 1235 1893 appellatur,
1253 1819 1323 1873 unde
1347 1819 1404 1888 ipsc
1418 1832 1517 1873 nomen
1547 1817 1662 1886 aceepit,
1677 1817 1794 1874 inveniri

156 1926 231 1979 rem,
245 1912 321 1982 eujus
333 1927 433 1984 genera
445 1913 559 1985 plurima
574 1923 645 1979 sunt,
662 1913 709 1968 sed
723 1913 869 1969 nobiliores
882 1914 948 1986 Scy·
998 1911 1106 1977 dicitur,
1121 1910 1263 1982 dupliciter
1287 1908 1490 1980 intelligendum
1508 1915 1570 1974 ost,
1603 1908 1666 1978 quia
1689 1915 1718 1963 et
1741 1907 1795 1965 illae

157 2004 233 2069 thici,
253 2005 401 2060 secondum
429 2005 518 2061 locum
544 2011 637 2060 tenent
659 2004 812 2071 Bactriani,
839 2007 946 2061 tertium
998 2003 1182 2074 praeclprre,id
1197 2009 1249 2066 est,
1265 1996 1455 2073 AEgpptioruro
1478 2000 1622 2072 regiones,
1644 2000 1796 2057 monacho-

156 2095 303 2167 AEgpptici.
327 2095 469 2166 Significat
480 2105 570 2150 autem
595 2096 709 2159 animas,
725 2095 776 2152 sade
790 2110 897 2167 semper
908 2096 948 2151 vi·
998 2092 1058 2153 rum
1072 2096 1197 2167 gregibus
1213 2095 1360 2161 abundent,
1378 2101 1405 2149 et
1428 2094 1581 2165 quicunque
1605 2093 1655 2147 soli
1677 2092 1794 2166 institiae

158 2195 257 2248 rentes,
270 2186 781 2255 qmehaeraditatcmimmarcessibilem
792 2186 817 2256 (l
827 2185 945 2258 Petras),
998 2185 1103 2242 vicinus
1111 2184 1284 2249 habitaverit,
1301 2184 1411 2239 aetherei
1426 2183 1553 2237 nimirum
1568 2181 1678 2238 luminis
1688 2181 1795 2255 fulgore

159 2288 187 2334 et
196 2287 324 2334 aeternam
335 2286 522 2333 conservatam
534 2279 561 2332 in
574 2279 791 2341 coelis,etnrente
804 2277 948 2346 concipere
998 2278 1110 2335 coletur.
1122 2277 1155 2332 Et
1166 2277 1279 2349 pulchre
1291 2277 1318 2331 in
1333 2287 1428 2333 octavo
1439 2276 1647 2341 ordine,activae
1660 2277 1724 2332 vitas
1731 2278 1798 2348 per-'

158 2370 300 2441 sperando,
314 2377 341 2425 et
355 2370 382 2424 in
399 2370 535 2440 proximos
558 2376 684 2440 satagunt
703 2383 829 2439 spargere
851 2368 948 2439 predi·
998 2368 1091 2435 leetio,
1105 2368 1144 2423 sic
1156 2369 1183 2422 in
1194 2383 1266 2423 nono
1279 2366 1451 2439 speculativae
1464 2368 1605 2422 suavitatis
1618 2381 1724 2439 gemma
1743 2383 1794 2438 po-

158 2462 257 2517 cando.
998 2461 1079 2526 nitur,
1097 2461 1154 2516 sive
1174 2461 1236 2531 quia
1252 2476 1346 2515 novem
1360 2458 1469 2514 ordines
1491 2459 1648 2530 angelomm
1674 2475 1792 2529 quorem

190 2551 307 2619 Quintus
318 2550 457 2607 sardonix.
471 2549 521 2606 llic
535 2565 569 2607 ex
581 2550 658 2605 onice
671 2550 825 2614 candorem,
839 2564 872 2604 cr
887 2563 947 2604 sar·
997 2553 1080 2608 risam
1097 2552 1263 2618 imitatur,in
1276 2550 1415 2622 Scriptura
1430 2558 1524 2604 sancta
1539 2549 1717 2620 reperiantur.

157 2643 201 2698 dio
217 2644 343 2698 ruborem
361 2642 481 2707 trahem,
497 2643 530 2696 ab
548 2650 662 2712 utruque
691 2639 823 2695 sardonici
849 2654 946 2695 rrumen
1032 2643 1159 2699 Decimus
1176 2644 1391 2714 chrysoprasius.
1407 2642 1675 2713 Chrysoprasiusest
1691 2643 1792 2701 viridis

158 2734 272 2802 aceepit.
282 2731 352 2788 Sunt
363 2739 453 2787 autem
466 2746 564 2804 genera
574 2730 632 2799 ejus
642 2729 766 2800 plurima.
777 2727 853 2783 Alius
864 2729 945 2794 euim,
998 2747 1139 2803 aureaeque
1165 2732 1359 2796 commixturae,
1376 2732 1512 2802 quoddam
1526 2731 1607 2786 ctiam
1622 2746 1793 2802 purpureum

157 2832 236 2880 terrae
251 2826 340 2880 mbrae
365 2825 569 2881 similitudinem
589 2834 671 2880 tenet.
696 2822 773 2879 Alios
798 2825 874 2893 quasi
899 2841 948 2895 per
995 2822 1077 2893 jubar
1091 2811 1201 2877 trahe'ns
1214 2821 1302 2876 aureis
1322 2821 1677 2894 intervenientibusgottis.
1696 2821 1792 2879 Nasci-

158 2908 302 2970 humanum
326 2931 441 2988 unguem
468 2915 578 2987 sanguis
601 2914 720 2978 eniteat,
744 2913 846 2968 bieolm
866 2930 948 2986 appa-
999 2920 1042 2967 tor
1055 2922 1145 2968 autern
1158 2913 1185 2967 in
1197 2912 1282 2979 lndia,
1294 2912 1339 2982 qui
1361 2911 1496 2982 significat
1509 2913 1611 2983 eosqui
1623 2913 1792 2969 viriditatem

156 3018 206 3064 ret.
221 3008 297 3065 ,ilius
310 3010 396 3065 tribus
406 3008 552 3073 coloribus,
566 3006 702 3062 subterius
719 3005 806 3076 nigro,
823 3006 946 3075 superius
997 3014 1106 3062 aterna
1128 3006 1233 3076 patriae,
1248 3005 1375 3076 perlecta
1391 3005 1531 3061 eharitatis
1554 3006 1658 3077 fulgore
1680 3021 1791 3077 pronae-

157 3101 253 3170 minio,
267 3101 355 3156 medio
378 3100 492 3155 candidu
517 3098 661 3162 consistit,
690 3097 734 3153 cui
759 3077 983 3166 comparanturC
999 3106 1112 3161 rentes,
1137 3113 1198 3152 eam
1211 3098 1292 3152 etiam
1307 3098 1414 3152 caeteris
1439 3112 1575 3169 purpurea
1598 3099 1724 3168 martyrii
1747 3100 1792 3154 sui

158 3189 281 3246 homines
297 3188 419 3258 corporis
434 3188 560 3259 passione
583 3187 736 3252 rubicundi,
754 3187 865 3258 spiritus
877 3188 949 3257 puri·
998 3188 1058 3244 luce
1077 3188 1259 3260 patefaciunt3
1276 3189 1321 3258 qui
1336 3189 1463 3259 qnoniam
1476 3189 1502 3244 in
1514 3204 1546 3244 eo
1559 3191 1630 3260 quud
1647 3191 1729 3245 ritum
1743 3191 1794 3247 de·

159 3291 214 3336 tate
234 3279 352 3345 eauffidi,
363 3281 410 3335 sed
423 3281 531 3335 sibimet
543 3280 696 3335 bumilitate
711 3279 840 3349 despecti.
997 3282 1124 3352 spiciunt,
1151 3289 1279 3336 :eternam
1312 3281 1425 3353 gloriam
1454 3279 1610 3358 praeferunt,
1632 3273 1738 3337 Domini
1762 3281 1792 3337 in

192 3370 291 3426 Sextus
301 3370 419 3436 sardius,
430 3370 475 3440 qui
484 3369 776 3441 exintegrosanguinei
788 3370 946 3438 colerisest,
998 3388 1080 3428 carne
1103 3374 1257 3444 apparentis
1281 3372 1404 3445 exempla
1437 3382 1604 3444 sequuntur,
1627 3371 1686 3442 iam
1717 3374 1793 3430 velut

157 3467 306 3530 trrartyrum
321 3459 434 3530 gloriam
453 3458 607 3530 significat,
631 3460 663 3515 de
676 3475 727 3530 qua
743 3459 856 3515 dicitur:
873 3457 948 3515 ers·
998 3462 1120 3527 inludia,
1137 3464 1233 3529 idest,
1250 3478 1333 3535 prope
1356 3463 1421 3519 solis
1433 3474 1536 3531 ortum,
1550 3449 1708 3520 meritorum
1727 3479 1794 3522 saro·

157 3549 222 3603 tiore
236 3550 264 3603 in
276 3556 413 3619 conspecto
428 3547 533 3602 Domini
543 3563 614 3602 rnorr
632 3557 781 3603 sumturum
801 3549 867 3618 ejus.
893 3549 948 3604 hle·
998 3569 1057 3610 rum
1068 3553 1198 3625 fulgorem
1209 3556 1364 3610 ostendunt.

157 3640 209 3694 rito
223 3648 301 3694 sexto
311 3638 370 3693 loco
383 3638 495 3707 positus,
509 3653 571 3693 eom
583 3638 713 3695 muninus
724 3648 817 3694 noster
829 3650 857 3695 et
870 3649 946 3696 sexta
1033 3646 1197 3703 Undecimus
1214 3647 1386 3717 hyacinthus.
1408 3645 1578 3719 llyacInthus
1603 3646 1630 3702 in
1649 3645 1793 3718 AEthiopie

156 3740 236 3785 rotate
249 3730 339 3785 seculi
354 3730 521 3797 incarnatos,
533 3739 560 3786 et
573 3739 649 3787 senta
667 3730 734 3787 feria
749 3733 784 3787 sit
801 3746 850 3802 pro
865 3735 947 3790 totius
997 3738 1141 3809 reperitur,
1149 3738 1293 3793 caeruleum
1307 3738 1423 3794 colorem
1431 3737 1535 3794 habens
1545 3739 1726 3809 optimus,qui
1740 3752 1793 3796 nee

158 3820 250 3874 mundi
263 3819 352 3874 salute
367 3817 523 3875 crucifixus·
997 3843 1075 3883 raros
1086 3837 1139 3895 est,
1151 3842 1201 3883 nec
1211 3829 1344 3885 densitate
1357 3830 1479 3896 obtusus,
1489 3830 1536 3885 sed
1548 3845 1581 3885 er
1593 3838 1708 3900 utroque
1720 3839 1793 3887 teru-

193 3909 657 3982 Scptimusuhrysolithus,qulquasi
673 3925 768 3965 aurum
780 3909 871 3981 fulget,
880 3913 948 3968 scin·
997 3929 1154 3992 paramento
1168 3919 1256 3985 lucet,
1284 3919 1439 3989 purificato,
1454 3928 1482 3975 et
1495 3921 1615 3976 suaviter
1628 3918 1721 3976 iorem
1735 3929 1793 3977 tre-

158 4003 227 4058 tillas
239 4004 341 4057 habens
350 4002 486 4068 ardentes,
500 4000 576 4071 cujus
589 4003 680 4073 specie
690 4001 840 4073 figurantur
851 4005 890 4071 hi,
901 4007 946 4074 qui
996 4010 1047 4065 hit.
1059 4009 1109 4064 llic
1123 4017 1212 4066 autem
1227 4026 1281 4065 non
1302 4011 1394 4066 rutilat
1408 4011 1559 4082 aequaliter,
1571 4011 1640 4068 facie
1652 4012 1716 4068 coeli
1729 4029 1791 4069 mu

158 4095 424 4167 intellectusopernae
437 4095 705 4165 veraequesapientiae
714 4094 947 4166 fulgentes,verba
997 4109 1078 4157 tahar.
1094 4099 1196 4156 Sereno
1206 4102 1278 4156 enim
1292 4103 1450 4173 perspicuus
1463 4111 1543 4174 atque
1558 4110 1651 4173 gratus
1665 4111 1718 4169 est,
1735 4116 1790 4160 on·

157 4187 354 4243 exhortationis
367 4189 394 4242 in
413 4185 552 4256 proximos
571 4185 613 4241 vel
628 4185 710 4242 etiam
722 4187 852 4241 virtutum
870 4188 946 4259 signa
997 4191 1051 4248 bilo
1062 4191 1249 4247 curamuenlis
1267 4191 1404 4247 evanescit
1417 4200 1498 4263 atque
1512 4193 1665 4249 marcescit.
1683 4192 1792 4250 lodieat

157 4279 234 4348 qnasi
241 4280 372 4362 scintillas
383 4280 452 4349 ignis
461 4277 612 4344 effundunt,
621 4286 880 4348 quorum,utorator
889 4280 945 4335 ait:
997 4285 1070 4341 enim
1082 4284 1187 4340 animas
1199 4284 1303 4340 eoelesti
1325 4298 1433 4355 semper
1446 4282 1590 4339 intentioni
1614 4284 1733 4350 deditae,
1745 4294 1789 4340 at-

220 4379 341 4429 llenttbos
355 4380 514 4441 tristatarum,
527 4381 682 4430 sermonibus
693 4386 782 4431 estuat
795 4382 876 4441 ardor,
998 4390 1051 4445 que
1067 4375 1195 4447 angelicas
1210 4375 1405 4444 quodammodo
1421 4382 1552 4444 quantum
1571 4375 1734 4432 mortalibus
1747 4374 1790 4432 fas

155 4465 229 4535 quod
260 4467 323 4535 quia
356 4465 413 4521 solo
447 4465 577 4536 spiritalis
604 4465 697 4536 gratie
731 4481 843 4521 munere
873 4467 946 4538 geri·
997 4473 1049 4532 est,
1069 4465 1267 4521 conversationi
1286 4465 1507 4535 propinquantes,
1527 4465 1625 4536 quibus
1646 4464 1721 4521 omni
1740 4481 1790 4522 cu·

159 4567 213 4621 tor,
236 4555 425 4612 derentimime
447 4555 562 4622 septimo
585 4555 758 4610 laudamento
783 4556 965 4625 chrysolithus
995 4557 1083 4613 studia
1091 4557 1262 4613 discretionis
1276 4557 1445 4613 conversatio
1456 4557 1614 4628 percipitur,
1631 4572 1665 4612 ne
1679 4555 1723 4613 vel
1745 4559 1788 4614 nl·

158 4649 238 4712 inest,
257 4643 405 4718 septiformi
420 4644 493 4699 enim
513 4658 583 4714 sepe
604 4659 718 4700 numeru
745 4646 813 4700 solet
828 4642 945 4716 Spiritus
995 4649 1050 4704 ruia
1063 4663 1157 4704 sensns
1168 4647 1318 4704 subtilitate
1330 4648 1452 4714 callens,
1474 4649 1573 4703 altiora
1589 4663 1620 4702 se
1643 4663 1787 4719 querere,

159 4737 244 4792 sancti
258 4736 345 4808 gratia
358 4734 481 4806 figurari.
994 4747 1023 4794 et
1036 4739 1147 4794 fortiora
1165 4754 1196 4794 sc
1218 4738 1332 4794 scrutari
1346 4739 1453 4795 audeat.
1467 4738 1558 4794 Gloria
1583 4739 1656 4795 enirn
1679 4739 1788 4795 Drrmim

192 4826 310 4884 bonvm
323 4825 451 4898 beryllus.
474 4824 597 4898 Derpllos
613 4834 670 4892 est,
694 4827 770 4896 quasi
791 4828 945 4886 consideres
995 4829 1083 4885 celare
1096 4829 1218 4894 tterbum,
1231 4829 1323 4895 idest,
1335 4828 1455 4885 cauteds
1467 4830 1522 4884 Deo
1535 4828 1575 4885 vel
1586 4829 1697 4884 hornine
1708 4828 1790 4885 Chri·

159 4932 256 4987 aquam
269 4917 335 4973 solis
348 4915 452 4989 fulgore
460 4930 626 4988 percussam,
638 4918 945 4974 rubicundumecdeoo·
993 4928 1036 4975 sto
1050 4919 1243 4990 philosophari,
1264 4921 1305 4976 vel
1327 4935 1435 4975 rursum
1454 4921 1555 4976 desidia
1581 4928 1727 4991 torpente,
1755 4920 1789 4976 ed

160 5023 220 5063 rora
233 5007 345 5064 reddere
358 5008 493 5074 colorem,
508 5006 556 5063 sed
571 5020 625 5062 noo
641 5005 725 5078 fulget
737 5007 790 5063 nisi
807 5007 835 5062 iu
848 5022 945 5066 suan·
995 5008 1102 5065 infirma
1126 5009 1189 5065 fidei
1212 5011 1289 5065 initia
1309 5019 1390 5081 aupm
1409 5010 1541 5066 elementa
1561 5010 1665 5066 exordii
1684 5025 1787 5067 serore

158 5098 368 5171 gulamformam
377 5099 502 5169 poliendo
508 5097 647 5169 figuretur.
655 5097 944 5168 Depercossioneenim
995 5115 1059 5154 num
1073 5099 1120 5154 Dei
1133 5100 1299 5166 relabentur,
1315 5103 1359 5172 qui
1375 5103 1464 5171 potius
1478 5102 1519 5156 ria
1532 5103 1605 5173 regia
1621 5102 1787 5170 gradientes,

159 5192 327 5263 angulorum,
345 5190 471 5260 splendor
487 5190 560 5245 illius
573 5190 688 5244 aeuitur.
702 5189 842 5261 Significat
855 5200 945 5246 autem
997 5205 1012 5244 a
1031 5191 1133 5247 dextris
1147 5200 1201 5247 eta
1216 5193 1335 5248 sinistris
1347 5208 1480 5263 perarma
1497 5195 1610 5265 justitie
1633 5194 1712 5247 tutati
1725 5208 1790 5263 pre

160 5284 282 5339 homines
298 5281 406 5352 ingenio
419 5279 527 5350 quidem
551 5294 678 5350 sagaces;
695 5280 743 5334 sed
760 5279 875 5350 atriplios
900 5295 946 5334 su·
995 5283 1101 5349 cedent,
1115 5285 1190 5353 quasi
1212 5285 1372 5355 hyacinthus
1389 5285 1481 5341 nubilo
1504 5285 1686 5341 circumdatus
1700 5283 1791 5356 loqui·

159 5389 249 5446 perne
266 5374 360 5446 gratie
378 5369 478 5425 lumine
492 5369 665 5441 refulgentes,
676 5372 801 5440 quodque
823 5379 946 5427 tenentes
996 5382 1050 5428 tur.
1068 5372 1142 5429 Nihil
1154 5375 1223 5429 enim
1232 5375 1350 5446 indicari
1363 5393 1403 5431 nte
1422 5378 1489 5431 seire
1501 5378 1569 5431 ieter
1584 5394 1636 5442 rur,
1650 5377 1702 5431 ruisi
1711 5375 1791 5431 Ciri-

158 5483 238 5523 rnanu
251 5467 365 5522 adurere
375 5464 484 5527 dieitur,
497 5462 590 5533 procul
610 5462 690 5518 dubio
703 5472 787 5533 patet,
800 5465 862 5534 quia
874 5464 947 5534 quis-
995 5477 1064 5520 stonr
1077 5465 1180 5532 ferum,
1191 5478 1214 5521 et
1226 5469 1300 5529 ,horre
1315 5470 1471 5538 crucifixum
1484 5469 1510 5542 (l
1523 5467 1619 5540 dorm)
1633 5510 1641 5533 ,
1669 5477 1698 5524 et
1708 5470 1788 5539 quasi

158 5575 211 5629 qne
224 5567 318 5616 sancto
329 5559 388 5614 viro
398 5555 579 5627 coniungitur,
591 5556 649 5626 rjus
659 5557 783 5613 nimirum
795 5560 872 5613 honac
885 5574 947 5615 eon·
997 5558 1023 5611 in
1037 5573 1131 5612 serena
1148 5559 1207 5613 hire
1221 5561 1303 5624 visvis,
1318 5562 1373 5614 ait:
1396 5560 1556 5632 Sapientiam
1576 5560 1709 5632 foqrrimnr
1719 5563 1790 5616 inter

158 5651 321 5707 versationis
331 5650 391 5722 igne
408 5657 556 5705 recreatur.
996 5651 1122 5721 perfertur
1140 5648 1254 5721 (liid.).'
1328 5726 1333 5738 y
