3810 6120
115 359 162 415 881
628 361 804 420 COllllENT.
826 361 861 417 ΙΝ
879 361 959 417 llEG.
980 360 1009 415 S.
1031 359 1220 418 canentem.
1689 364 1742 418 etta

114 472 441 528 oratoriumentncrteris
452 477 671 540 suncanto-ansel
683 476 847 544 paenitenti-,e
856 475 901 529 de·
914 480 939 536 ,l
950 475 1061 530 boribus
1080 473 1181 544 jacent,
1202 491 1254 528 nnn
1279 481 1381 527 tantum
1408 473 1562 544 degustare,
1586 475 1633 530 aed
1654 477 1736 531 etiam

115 563 258 637 logabltur.
271 563 338 617 llinc
351 563 497 620 Cassianus
509 568 592 622 dicit:
605 567 705 638 Siquis
717 575 902 630 antenname·
953 573 1073 636 tangere,
1088 566 1189 634 absque
1201 566 1244 619 lais
1266 579 1327 634 quae
1340 565 1367 619 in
1386 579 1528 620 comanune
1548 565 1738 629 comeduntur,

114 671 195 726 quarn
208 655 301 719 llaritur
310 655 430 724 psalmus
444 655 577 727 irreceptus
589 674 640 712 non
651 658 780 722 occurrit,
788 657 902 711 ulterius
952 656 1122 727 sacrilegium
1136 657 1180 710 sit.

114 750 141 804 in
165 747 314 803 oratorium
337 747 406 802 inter
424 747 572 819 psallentes
591 747 689 803 fratres
716 749 829 804 introire
848 763 900 802 non
988 746 1039 799 Sed
1057 755 1080 799 et
1095 747 1119 799 si
1132 746 1175 799 cei
1191 746 1301 813 offertur
1321 744 1455 816 uliquida
1477 746 1564 815 priore
1578 753 1602 798 et
1623 747 1742 814 accipere

114 839 227 902 anticat,
242 836 290 891 sed
309 844 385 892 stans
399 836 465 892 loris
480 838 513 891 ad
527 836 636 905 januam
653 838 801 902 sustineat,
816 837 902 892 donec
953 838 1075 903 renuerit,
1091 838 1156 891 bore
1171 855 1223 907 quo
1236 837 1418 891 desiderauerit
1431 838 1478 890 froc
1491 838 1561 908 quod
1577 838 1650 909 priua
1668 855 1742 892 recu·
1840 867 1850 881 =

115 930 198 984 finitis
219 929 332 998 psalmis
347 930 518 999 congregatio
534 927 679 991 relaxetur,
702 937 731 983 et
752 936 815 982 tnnc
838 929 902 983 sub-
951 930 1027 992 sunit,
1039 938 1084 982 out
1099 927 1173 982 eliud
1187 929 1291 982 omrrino
1308 946 1359 982 reon
1370 929 1495 998 percipiet
1511 946 1592 999 nsque
1605 932 1640 983 od
1652 947 1739 985 emen·

113 1023 195 1077 missa
217 1021 243 1075 in
262 1030 334 1074 terra
349 1019 506 1089 poesritentia
529 1019 697 1090 negligentiae
715 1036 771 1075 suae
788 1018 829 1074 vel
848 1028 903 1073 tar-
951 1019 1083 1071 dictionem
1099 1035 1251 1089 congruam
1265 1017 1435 1089 llyperbaton
1449 1021 1563 1083 esthon,
1578 1020 1649 1090 quod
1662 1020 1741 1075 aliter

113 1113 206 1168 ditatis
224 1126 316 1166 eoram
330 1110 455 1165 omnibns
475 1110 509 1163 ab
523 1109 620 1164 abbate
635 1111 763 1179 impetret
783 1109 900 1164 reniam.
952 1110 1105 1164 ordinatum
1126 1109 1283 1180 intelligitur
1306 1111 1341 1164 ita
1358 1129 1363 1163 ι
1381 1110 1409 1165 Si
1429 1111 1472 1165 cui
1489 1110 1591 1181 aliquid
1611 1127 1626 1165 a
1649 1112 1740 1181 priore

113 1204 189 1270 Quod
210 1202 232 1256 si
247 1200 440 1270 contempserit
454 1197 623 1263 satisfacere,
647 1199 722 1253 ntrllo
737 1200 816 1254 modo
831 1199 902 1255 inter
951 1199 1074 1264 ollertur,
1088 1208 1116 1253 ct
1131 1201 1250 1254 renuerit
1269 1200 1402 1270 accipere,
1420 1201 1486 1256 liora
1503 1216 1555 1270 qua
1568 1201 1739 1256 desiderare-

114 1292 374 1348 lratressocietatem
386 1289 480 1344 orandi
494 1289 613 1343 babebit.
623 1288 699 1354 Quod
711 1296 802 1344 autem
815 1289 899 1344 dicit:
953 1288 998 1353 rit,
1015 1288 1175 1367 subanditur
1198 1291 1341 1359 accipere;
1366 1297 1413 1344 ant
1437 1291 1489 1346 boc
1512 1292 1646 1362 percipiat
1668 1292 1741 1362 qnod

113 1383 156 1437 lto
171 1392 258 1436 tomen
272 1391 299 1435 nt
313 1379 461 1448 satisfaciat
476 1395 535 1431 rens
550 1394 582 1432 en
595 1378 654 1443 froc,
671 1379 841 1449 intelligitur,
861 1380 901 1434 sic
952 1377 1027 1448 prius
1041 1380 1184 1442 recusarit,
1200 1388 1245 1433 aut
1260 1381 1332 1434 alind
1345 1383 1455 1437 omuino
1468 1384 1545 1440 nibil.
1566 1384 1634 1441 ilinc
1645 1386 1741 1441 beatem

111 1491 173 1529 enm
193 1490 242 1545 per
256 1473 392 1529 licentiam
407 1470 512 1524 abbatis
529 1470 555 1523 in
571 1470 655 1525 choro
676 1470 778 1540 recipi,
796 1478 826 1523 ιιι
840 1477 903 1540 post
952 1464 1084 1521 Basilius:
1103 1467 1159 1522 lloc
1176 1468 1248 1522 enim
1264 1468 1337 1538 quod
1359 1468 1405 1524 hic
1427 1471 1460 1526 de
1478 1487 1540 1526 esca
1561 1472 1663 1528 dictum
1687 1482 1740 1537 est,

111 1577 250 1636 peractum
272 1579 382 1619 cursum
404 1562 551 1617 satisfaciat
574 1561 662 1616 adhuc
677 1576 801 1630 rcuspro
815 1561 902 1631 negli—
952 1557 1034 1611 ctiam
1059 1556 1308 1628 decaniamque
1328 1558 1361 1613 ad
1389 1576 1455 1615 usus
1479 1563 1602 1631 corporis
1623 1565 1742 1634 pertinet

112 1657 202 1725 gentia
219 1671 234 1709 a
249 1671 279 1710 sc
295 1654 455 1715 commissa,
470 1651 556 1705 clrrnec
577 1651 610 1704 ab
623 1651 721 1705 abbate
733 1650 847 1720 recipiat
857 1665 903 1705 re-
952 1647 1046 1702 eadcau
1057 1645 1142 1702 forma
1154 1648 1255 1703 serrari
1264 1656 1362 1719 potest.
1374 1650 1445 1721 Ergo
1458 1651 1509 1706 istc
1520 1651 1582 1707 talis
1591 1653 1639 1723 qni
1650 1652 1740 1709 oblata

112 1751 196 1811 niam,
212 1753 313 1802 etcum
331 1744 455 1799 cernissio
473 1742 551 1813 plena
564 1741 746 1811 subsequatur
758 1750 838 1812 atqm
854 1758 901 1812 pa·
954 1740 1073 1810 recipere
1090 1741 1188 1806 renuit,
1212 1742 1310 1812 dignus
1332 1750 1374 1796 est
1399 1750 1429 1797 ut
1449 1744 1555 1799 etiamsi
1569 1753 1674 1814 querat
1686 1760 1740 1802 non

111 1839 199 1894 cinca,
915 1820 936 1880 B
950 1830 1073 1899 accipiat,
1082 1845 1220 1900 usqueque
1231 1833 1326 1900 probet
1338 1833 1361 1886 is
1375 1834 1420 1902 qui
1433 1843 1541 1902 preest,
1553 1842 1581 1888 et
1590 1850 1651 1889 cuut
1666 1836 1738 1891 vide·

147 1929 188 1985 dd
200 1926 456 1995 mensenroutemqui
465 1934 525 1979 onte
536 1938 636 1979 uersum
648 1921 896 1986 nunoecurrerlt,'nt
950 1922 984 1974 rit
997 1921 1091 1975 vitium
1105 1922 1187 1975 animi
1202 1932 1336 1988 curatum,
1354 1933 1417 1980 tnnc
1435 1925 1516 1982 etiarn
1532 1926 1603 1995 quod
1617 1929 1740 1998 ctrrperis

111 2019 190 2079 simul
204 2036 290 2074 omnies
303 2019 392 2072 dicant
408 2033 507 2071 uersum
521 2025 545 2070 et
558 2024 641 2079 orent,
656 2024 681 2070 et
695 2015 741 2070 snb
753 2032 806 2068 uno
819 2014 897 2068 rimnl
948 2011 1040 2065 usibus
1054 2013 1235 2066 tteccssarinm
1249 2011 1329 2069 fuerit
1342 2015 1483 2084 prebebit.

110 2129 200 2167 emeres
214 2111 336 2165 umedcm
346 2109 380 2163 od
392 2124 516 2171 merrom,
529 2109 626 2178 quiper
635 2106 897 2178 negligentiumsatom
1227 2104 1340 2161 capul
1356 2105 1446 2161 xntt.

111 2211 158 2254 out
171 2200 261 2255 citium
276 2216 328 2253 non
341 2199 497 2261 occurrerit,
517 2215 596 2268 nsque
614 2197 648 2251 nd
661 2196 801 2250 secundnm
819 2197 897 2250 sicem
965 2191 1003 2245 De
1017 2193 1050 2245 ιιι
1061 2194 1105 2262 qrti
1117 2194 1387 2260 ereorrrontnicuntur,
1401 2197 1530 2267 quomodo
1542 2199 1718 2267 satisfaciant.

111 2307 159 2360 pro
174 2290 222 2343 froc
240 2288 414 2359 corripiatur:
434 2289 456 2341 si
471 2287 556 2342 denuo
570 2303 621 2340 non
644 2285 827 2351 emendaverit,
846 2302 897 2339 non
983 2281 1034 2346 Qut
1045 2298 1092 2351 pro
1105 2284 1219 2352 graviori
1234 2283 1311 2354 culpo
1329 2284 1492 2340 adoratorio
1512 2296 1536 2341 et
1555 2305 1673 2344 amensa
1691 2305 1739 2344 ee-

109 2388 277 2452 pemmargr
288 2380 323 2434 ad
338 2395 433 2434 mem
443 2379 587 2434 rotumum}
599 2379 837 2449 participationem,
852 2379 896 2432 mi
946 2371 1235 2438 communicatur,lroro
1248 2390 1300 2445 qna
1314 2392 1379 2446 opus
1387 2375 1434 2430 Dei
1449 2378 1476 2430 in
1493 2380 1609 2433 oratorio
1624 2379 1739 2434 celebre·

109 2479 285 2534 sequestratas
299 2488 317 2525 a
331 2471 462 2524 consortio
477 2468 605 2534 omnium,
622 2467 721 2537 reficiat
740 2466 822 2531 eolus,
835 2468 895 2520 suir-
946 2473 999 2527 tur,
1014 2472 1073 2517 ante
1086 2464 1154 2534 fores
1165 2466 1274 2518 croterii
1292 2476 1439 2537 prostratus
1449 2469 1549 2539 jacent,
1562 2468 1629 2526 ιιιιιιι
1638 2471 1739 2536 dicens,

109 2565 165 2614 lete
185 2562 209 2614 ei
229 2561 346 2630 portione
367 2576 416 2613 suu
439 2559 511 2621 ιιιιι,
530 2574 611 2628 usqne
632 2557 667 2610 ud
690 2556 896 2625 satisfactionem
947 2552 997 2606 nisi
1014 2562 1115 2607 tuntum
1127 2554 1210 2622 posito
1224 2553 1250 2608 in
1261 2565 1358 2610 terrum
1369 2558 1453 2627 capite
1464 2568 1488 2612 et
1499 2567 1657 2629 prostrates,
1677 2576 1739 2630 pro-

110 2661 135 2704 et
155 2651 371 2705 emendationem.
393 2647 521 2703 Similiter
539 2658 627 2702 nutem
647 2649 780 2716 potietur,
797 2648 841 2716 qui
861 2646 896 2699 ed
946 2659 994 2697 ans
1009 2645 1123 2697 omnium
1139 2643 1171 2697 de
1186 2648 1304 2701 oratorio
1319 2651 1469 2702 exeuntium
1489 2650 1598 2716 pedibus
1612 2667 1639 2705 se
1653 2652 1738 2722 proji-

109 2738 184 2793 illum
209 2754 308 2793 nereum
332 2756 384 2792 non
406 2739 484 2809 fuerit
509 2753 639 2807 presens,
663 2736 708 2806 qni
727 2746 784 2807 post
809 2734 896 2790 eibum
946 2731 1212 2788 ciotJt'tlroctondiu
1225 2734 1307 2804 facim
1320 2735 1475 2807 usquedum
1489 2738 1737 2810 niieajndicooerit

109 2830 216 2883 dicitur.
242 2829 309 2884 llioc
330 2829 440 2899 quidam
460 2829 653 2883 monachorum
677 2828 807 2898 magister
822 2826 892 2898 tait:
945 2823 1187 2894 satisfactumerse.
1202 2824 1267 2891 Qum
1281 2829 1419 2898 gratiores
1434 2836 1497 2884 sunt
1513 2831 1609 2902 culpae,
1622 2833 1738 2903 jamsu-

109 2923 150 2977 Ad
169 2936 269 2976 meuse
292 2936 356 2976 vero
378 2921 553 2990 antiphonam
576 2918 618 2972 rel
638 2933 746 2973 versum
772 2919 893 2989 priorem
945 2918 1035 2988 perins
1049 2917 1150 2973 dietum
1164 2927 1216 2974 est.
1231 2918 1301 2975 llinc
1315 2935 1380 2976 rero
1393 2922 1426 2977 de
1440 2938 1558 2993 corrgrua
1570 2924 1739 2997 culpatorum

108 3011 156 3080 qni
180 3025 234 3067 uon
262 3009 409 3076 adfuerint,
433 3016 536 3064 semme
562 3017 590 3063 ct
614 3023 667 3063 nou
691 3008 845 3078 signatum,
868 3016 897 3064 ct
945 3009 1129 3065 satisfactione
1140 3011 1284 3067 dicendum
1299 3019 1350 3067 est.
1374 3012 1504 3080 Quorum,
1518 3014 1738 3081 utlsidorusait‚

109 3101 168 3154 sins
192 3100 255 3155 data
283 3109 311 3155 et
338 3108 447 3171 accepta
476 3099 662 3156 benedictione
683 3099 848 3154 manducent
868 3107 896 3152 et
947 3100 1004 3155 snla
1017 3101 1094 3171 panis
1107 3108 1135 3155 et
1149 3115 1225 3170 aqnae
1239 3100 1267 3156 in
1279 3102 1461 3171 vespertinum
1472 3104 1526 3158 erit
1536 3103 1687 3159 adhibenda
1701 3121 1741 3160 re·

108 3193 212 3257 bibant,
223 3200 250 3247 et
260 3193 317 3247 sine
331 3190 443 3259 alicujus
456 3190 573 3262 eloquio.
590 3191 623 3245 Et
634 3190 731 3246 merito
741 3190 799 3245 sine
809 3167 932 3245 homi·C
950 3190 1041 3256 fertio,
1053 3191 1168 3245 amictus
1180 3205 1284 3258 eorum,
1301 3200 1349 3247 aut
1362 3192 1478 3264 tegimen
1492 3206 1595 3259 rasum,
1610 3202 1656 3248 aut
1669 3194 1740 3263 forte

108 3283 151 3337 nis
166 3282 272 3353 eloquio
287 3282 367 3337 debet
380 3281 491 3337 reticere
504 3281 548 3350 qni
565 3289 628 3336 ante
643 3280 820 3336 refectionem
834 3294 896 3335 cum

109 3373 164 3428 ileo
179 3389 230 3429 ron
247 3381 289 3430 est
300 3375 413 3430 locotus.
427 3373 478 3441 Qui
490 3389 555 3429 uero
562 3374 709 3444 posteriori
724 3389 824 3428 mense
835 3389 897 3429 rer·

108 3464 149 3518 sui
165 3478 217 3519 oon
229 3463 355 3531 adfuerit,
367 3465 446 3521 talem
458 3481 566 3536 poeoam
578 3466 719 3535 suscipiat,
731 3465 838 3536 qualem
850 3466 895 3522 ille

108 3569 155 3622 equa
169 3563 232 3610 ante
247 3554 421 3612 refectionem
436 3572 490 3611 non
507 3563 549 3612 est
564 3554 671 3610 locutus
692 3570 753 3610 cum
769 3556 833 3611 Deo.
847 3555 895 3612 llos

109 3658 174 3698 vero
196 3645 380 3716 correptiones
402 3646 444 3701 vel
463 3646 755 3703 excommunicationes
772 3648 815 3703 fris
827 3648 895 3704 dun-

107 3741 185 3789 taxat
199 3735 351 3792 constitnbe
364 3744 442 3801 sunt,
460 3736 506 3807 qui
530 3744 593 3792 sunt
607 3736 744 3792 voluntate
765 3746 793 3793 et
814 3739 896 3809 negli-

107 3823 198 3892 gentia
210 3824 280 3880 tardi
292 3864 300 3889 ,
319 3833 347 3880 et
359 3825 440 3882 nullis
452 3825 661 3882 necessitatibus
676 3828 810 3897 occupati.
826 3826 895 3882 llam

950 3282 1078 3347 effetum,
1095 3283 1209 3337 lectulus
1220 3298 1324 3350 eornnr,
1345 3292 1395 3346 aut
1405 3283 1475 3339 nuda
1489 3285 1599 3351 humus,
1612 3294 1657 3341 aut
1669 3266 1741 3345 forte

949 3373 1043 3438 storia,
1071 3371 1168 3437 idest,
1194 3381 1277 3427 matta
1300 3387 1380 3444 super
1395 3374 1516 3428 humum.
1541 3374 1609 3431 ilinc
1631 3378 1738 3447 quidam

949 3463 1141 3518 monachorum
1155 3463 1285 3532 magister
1301 3463 1357 3517 ait:
1377 3462 1427 3530 Qui
1446 3479 1509 3518 vero
1533 3462 1618 3519 frater
1629 3482 1738 3537 grauem

948 3557 1053 3628 culpam
1066 3557 1215 3622 admiserit,
1231 3558 1288 3630 ipse
1302 3558 1336 3614 ab
1350 3568 1465 3629 utroquo
1478 3562 1736 3627 excommunicetur,

947 3650 973 3705 il
991 3656 1044 3714 est,
1063 3649 1097 3704 ab
1110 3651 1238 3716 oratorio,
1258 3660 1285 3707 ct
1299 3667 1313 3705 a
1329 3666 1434 3717 mensa,
1458 3659 1486 3706 ct
1499 3667 1553 3708 non
1574 3653 1633 3723 ipse
1647 3655 1680 3710 ad
1694 3655 1737 3710 in-

947 3740 1110 3812 dulgentiam
1130 3742 1239 3813 majoris
1253 3743 1402 3813 perveniat,
1424 3742 1476 3798 uisi
1497 3752 1561 3800 ante
1579 3744 1661 3802 limen
1676 3763 1738 3805 ora-

947 3831 1008 3886 torii
1022 3839 1174 3901 prostratus
1197 3831 1363 3903 lacrymabili
1387 3847 1451 3888 rore
1470 3833 1612 3889 intervallo
1625 3850 1736 3890 cessan-

107 3927 158 3981 pro
172 3912 288 3968 adlitatc
311 3915 467 3971 monasterii
488 3916 612 3987 occupati
636 3916 717 3986 digne
734 3917 859 3974 absentes
879 3933 894 3971 a
946 3924 1014 3977 tium
1030 3924 1056 3977 in
1068 3923 1180 3993 psalmis
1200 3924 1328 3977 horarum
1347 3923 1402 3977 lieo
1421 3930 1448 3977 et
1471 3923 1736 3981 omuibuseruenda-

108 4004 287 4070 ommonem
305 4004 333 4060 in
346 4007 465 4061 oratorio
479 4015 671 4062 memorentur.
693 4007 762 4064 ilinc
774 4006 895 4063 isidorus
946 4013 1019 4067 tione
1037 4009 1199 4066 satisfecerit
1212 4011 1383 4079 repmmissa.

107 4092 175 4147 dicii
189 4109 197 4148 ;
210 4093 263 4161 ttui
282 4094 318 4151 ad
338 4109 458 4152 mensam
477 4096 580 4152 urdine
596 4097 718 4161 venerit,
738 4107 785 4152 ant
807 4099 894 4168 poeni-
981 4100 1032 4167 Qui
1049 4101 1111 4154 dum
1124 4100 1216 4169 irrasus
1239 4100 1271 4154 ub
1287 4100 1378 4154 oblate
1390 4101 1496 4166 renerit,
1513 4102 1596 4157 nolant
1614 4121 1641 4159 se
1656 4105 1736 4175 ipsias

107 4184 310 4264 tentiamagat‚
329 4193 376 4240 aut
389 4184 498 4255 jejuniis
511 4188 544 4242 ad
563 4203 640 4243 snum
660 4203 729 4257 opus
746 4188 787 4242 rel
807 4187 895 4245 cubile
945 4193 1045 4245 sabbatis
1059 4192 1177 4262 pedibus,
1200 4191 1293 4245 deinde
1312 4194 1428 4246 oninium
1441 4193 1554 4264 fratrum
1567 4196 1691 4267 vestigiis,
1707 4209 1736 4251 st

110 4282 242 4330 recurras
258 4273 326 4332 ilinc
340 4276 456 4332 Basilius
468 4277 506 4332 ait
521 4295 527 4331 :
545 4277 574 4334 Si
587 4294 648 4334 cum
658 4279 743 4349 possit
757 4295 810 4334 non
824 4288 894 4335 sate-
945 4292 1017 4336 oreut
1029 4299 1075 4353 pro
1090 4299 1129 4336 eo.
1157 4283 1191 4336 Et
1202 4292 1263 4335 tune
1279 4284 1300 4336 si
1311 4283 1420 4352 jusserit
1434 4284 1525 4352 cibor,
1543 4288 1685 4359 recipiatur
1708 4290 1735 4344 in

108 4365 190 4435 gerit,
210 4364 326 4422 fateatur
346 4367 452 4438 culpam
475 4369 642 4441 negligentiae
656 4385 721 4435 sose,
743 4379 770 4425 ct
786 4381 895 4427 uraneat
944 4377 1033 4439 ebore,
1046 4374 1083 4428 ref
1095 4375 1121 4428 in
1136 4374 1237 4438 ordine,
1248 4392 1299 4445 ιιι
1313 4374 1392 4430 cibos
1405 4376 1562 4443 decreverit,
1579 4379 1616 4433 ito
1632 4397 1695 4435 rone
1707 4389 1736 4433 et

108 4456 168 4509 sure
186 4453 246 4510 cibo
259 4471 343 4525 usque
359 4457 393 4512 ad
413 4458 485 4512 illam
498 4459 594 4513 liuram
612 4475 664 4529 qua
684 4463 844 4517 convenitur
859 4463 893 4518 ad
904 4518 919 4576 Ι
945 4463 1073 4534 paulinum
1085 4475 1131 4519 ont
1149 4463 1294 4529 fertionem,
1317 4465 1355 4519 rel
1368 4465 1442 4520 alind
1452 4467 1515 4537 qrrid
1529 4485 1581 4523 non
1594 4481 1735 4540 presumat

108 4544 199 4601 ιιιιιιιιι
210 4545 237 4600 in
252 4554 391 4615 posterum
403 4548 484 4604 diem.

146 4647 201 4701 ll'ee
212 4649 349 4719 quisquam
368 4662 509 4722 presumat
529 4662 590 4706 ente
602 4662 726 4709 statatum
744 4656 835 4709 frorcm
854 4655 892 4709 rel

106 4739 401 4811 posteaquidqucmeiii
414 4742 452 4797 oei
457 4753 531 4812 potus
536 4744 675 4815 percipere.
685 4745 752 4800 llinc
763 4745 782 4798 F
784 4755 893 4802 ructuo-

108 4842 155 4883 sus
167 4828 205 4882 ait
218 4847 224 4882 :
236 4828 353 4897 Quilibet
372 4846 405 4886 ea
420 4833 559 4888 monachis
571 4831 701 4901 ieiunium
719 4833 823 4889 solvere
836 4851 891 4889 nun

107 4925 262 4985 presumat,
274 4934 325 4984 nec¹
337 4921 494 4992 prinsquam
506 4923 686 4978 incommune
699 4923 821 4978 reficiant
830 4940 891 4979 enm

107 5008 221 5070 ceteris,
240 5009 443 5082 relpostquam
470 5010 621 5076 refecerint,
647 5013 792 5082 quidquam
820 5016 893 5083 quod

107 5095 142 5150 ad
156 5097 300 5165 potandum
321 5099 363 5153 rel
376 5100 511 5156 edendum
524 5100 640 5171 pertinet
657 5109 765 5171 gustare
776 5100 817 5156 uel
828 5117 892 5158 con-

107 5185 212 5253 tingere
232 5188 339 5253 audeat,
365 5188 407 5242 ιιι
431 5189 536 5245 occulte
557 5190 695 5259 quodlibet
719 5191 893 5261 peculiariter

106 5275 254 5330 recondere
278 5277 319 5332 rel
349 5277 449 5334 habere
473 5287 627 5349 praesumat.
655 5280 723 5338 llinc
746 5280 890 5336 Cassianus

107 5364 172 5418 dicit
185 5382 192 5417 ι
205 5363 372 5422 Omnirnodis
385 5375 474 5422 numm
488 5384 523 5424 es
533 5370 681 5426 lroccaveri
691 5371 814 5426 debetne
828 5380 889 5426 ante

106 5454 180 5510 illam
194 5453 236 5507 rel
256 5463 318 5524 post
343 5456 416 5512 illam
441 5458 534 5513 horam
555 5475 609 5529 qua
630 5474 725 5514 omnes
742 5458 840 5515 fratres
863 5461 890 5515 in

106 5558 249 5598 reinmune
264 5544 437 5611 reficiuntur,
452 5556 530 5603 extra
550 5564 671 5604 mensam
691 5550 890 5618 quomodocu-

106 5651 159 5704 que
183 5637 360 5706 quodcunque
384 5638 427 5692 rel
452 5641 585 5695 modicum
605 5640 702 5709 aliquis
727 5640 890 5696 manducare

101 5735 264 5798 presumat,
282 5735 311 5781 ut
330 5729 410 5784 etiam
425 5745 502 5800 poma
516 5745 575 5801 qnae
589 5739 710 5800 ternpore
723 5745 771 5786 suo
785 5731 835 5787 sub
846 5746 890 5786 ar-

944 4563 970 4615 in
984 4561 1097 4614 oratorio
1120 4562 1260 4633 imponere,
1288 4564 1338 4616 taisi
1362 4562 1456 4617 lterum
1478 4560 1558 4615 oliuo
1573 4560 1675 4630 ludent.
1699 4560 1734 4616 Et

943 4650 1061 4704 omnibns
1075 4651 1145 4704 ioris
1158 4651 1220 4704 dnm
1234 4652 1376 4723 contpletur
1387 4668 1451 4722 opus
1463 4649 1521 4716 Dei,
1533 4648 1656 4720 projiciat
1668 4667 1694 4705 se
1705 4651 1733 4708 t'tt

942 4754 1039 4794 terrum
1061 4742 1087 4794 in
1099 4741 1154 4794 loro
1171 4741 1198 4794 in
1211 4757 1262 4811 quo
1281 4750 1342 4808 stet,
1366 4754 1389 4796 et
1408 4743 1445 4796 sic
1461 4740 1608 4810 satisfaciat
1621 4782 1628 4806 ,
1641 4758 1735 4814 usque·

943 4831 1005 4883 darm
1018 4830 1042 4906 ei¹
1053 4830 1145 4899 jubent
1161 4830 1240 4884 abins
1260 4841 1289 4884 nt
1311 4834 1426 4902 sciissent
1443 4832 1501 4901 jum
1517 4831 1611 4885 ebbae
1622 4831 1731 4903 satisfu-

943 4918 1035 4970 ctione.
1061 4916 1129 4972 llinc
1144 4918 1262 4974 isidorus
1276 4921 1313 4974 ait
1328 4939 1333 4973 :
1355 4909 1732 4991 satistaetiodettnqncmtum

946 5007 1002 5060 lem
1012 5016 1068 5060 est:
1082 5007 1195 5062 Peracto
1205 5011 1371 5076 penitentie
1381 5018 1501 5080 tempore
1511 5018 1620 5066 uocatus
1631 5012 1730 5076 reniet,

944 5095 1026 5151 humo
1038 5108 1190 5166 prostratus
1201 5097 1299 5166 jaceat,
1322 5100 1422 5169 iussus.
1433 5100 1467 5155 ab
1489 5102 1586 5158 abbate
1603 5103 1636 5157 dc
1659 5110 1730 5156 terra

943 5196 1096 5259 crrusnrgat
1119 5205 1232 5260 surgens
1252 5190 1286 5245 ab
1299 5193 1425 5248 omnibus
1444 5209 1494 5265 pro
1511 5194 1672 5264 negligentia
1683 5207 1730 5246 ve-

944 5281 1016 5335 niam
1045 5289 1157 5351 poscat,
1185 5282 1331 5352 adepturus
1354 5285 1547 5359 indulgentiam
1568 5280 1729 5352 posticias

943 5370 1135 5426 emendatoriae
1153 5372 1347 5431 satisfactionis
1360 5389 1522 5432 mensuram.

979 5461 1030 5525 litii
1049 5476 1109 5514 uero
1121 5477 1168 5530 pre
1181 5449 1276 5518 leelina
1301 5463 1384 5534 culpis
1397 5459 1660 5517 excommunicentur·
1669 5467 1727 5512 ton·

943 5559 998 5603 tum
1010 5566 1026 5602 e
1037 5566 1137 5615 mense,
1151 5552 1179 5605 in
1197 5556 1314 5608 oratorio
1326 5551 1501 5626 satisfaciunt,
1520 5564 1601 5618 usque
1622 5549 1657 5602 ed
1666 5549 1729 5620 jau-

942 5639 1041 5691 sionem
1059 5638 1160 5694 nbbntir
1170 5641 1219 5696 lor
1230 5657 1330 5714 rernpm
1348 5641 1458 5708 facient,
1479 5631 1559 5709 usque
1572 5637 1635 5692 dunt
1648 5637 1728 5695 leu-

942 5730 1011 5784 dicot
1024 5739 1049 5784 et
1062 5730 1153 5785 diest:
1168 5730 1276 5802 Sufficit.
1293 5729 1369 5797 Quod
1392 5729 1466 5795 dicit,
1485 5725 1629 5798 benedicat,
1644 5729 1727 5786 tutet·
