3810 6120
68 247 125 303 757

596 240 828 305 canaonem
849 241 928 297 nno.
949 243 977 299 s,
995 245 1184 302 nnunoren.
1247 224 1249 228 ’

1655 248 1705 308 tot

67 379 143 433 grae,
161 360 278 421 ebsecro,
300 358 406 426 increpo
429 354 471 424 (ll
498 355 567 417 Tim.
583 355 636 425 rr).
654 355 684 410 ιιι
702 356 753 410 trac
775 359 866 424 itaquo
880 356 1003 421 Adime,
1026 373 1151 427 magnus,
1169 357 1211 411 rel
1226 357 1321 427 dignus
1335 357 1505 429 intelligitur.
1527 322 1604 425 duat
1617 369 1706 414 autom

68 449 222 520 apostolica
236 447 371 502 sententia
387 447 458 500 beati
475 446 631 515 llicrorryrui
655 456 683 498 et
704 446 774 499 beati
797 447 863 499 Pro-

68 541 146 610 speri
156 539 284 608 ponenda
305 545 369 590 suut
391 537 481 589 sorba.
506 536 636 589 biterrim
661 536 862 606 llierorrynrus:

70 631 164 702 Argue
191 635 351 699 peccantes,
373 634 527 680 contestare
553 642 587 679 rre
608 625 733 694 peceerrt',
756 626 864 694 increpa

69 723 242 776 resistentes.
257 719 310 773 Sed
321 718 378 772 bare
391 718 481 771 omnia
494 732 556 772 cunr
578 718 719 786 patientia,
730 726 757 770 et
768 732 865 771 seeun-

69 809 137 863 ιιιιιιι
159 809 319 863 doctrinam.
348 806 465 874 Prosper
488 815 578 860 autern
607 807 678 860 dixit
704 825 710 859 :
737 806 865 860 Ecclesiae

69 899 172 968 quippe
195 898 352 953 doctoribus
375 904 404 950 ct
426 911 539 950 censura
562 897 642 951 debet
665 897 763 960 inesse,
777 905 806 949 ut
820 912 864 949 ar-

69 997 166 1060 guant,
186 996 215 1043 et
235 987 377 1057 patientia,
400 994 430 1038 ut
443 986 589 1040 errrerrlare
610 987 734 1041 nolentes
756 986 865 1039 sortiter

71 1083 162 1137 terant
191 1082 349 1151 dposnrltoo
371 1079 570 1134 satisfacientes
590 1080 724 1148 imperio,
750 1081 794 1148 qni
820 1080 865 1133 Ti-

70 1175 184 1229 motbeo
208 1171 443 1242 praecepitdicens
461 1189 466 1222 :
482 1169 585 1240 Argue,
611 1170 736 1234 obsecra,
759 1173 864 1240 increpa

68 1264 100 1318 its
122 1263 192 1319 omni
204 1263 341 1333 potientis,
355 1270 379 1315 et
393 1259 524 1314 doctrina.
539 1260 621 1326 Quasi
636 1262 757 1315 diceret:
774 1261 864 1331 Argue

69 1353 236 1422 coaequales,
251 1352 364 1407 obsecra
383 1352 517 1416 seniores,
537 1352 644 1419 increpa
657 1350 789 1419 juniores.
811 1354 864 1407 Sed

69 1454 216 1515 propterea
238 1443 341 1497 eddidit
366 1442 394 1495 in
409 1440 482 1495 omui
509 1442 651 1511 patientia,
675 1449 702 1496 et
722 1442 862 1508 dectrioa;

68 1535 137 1604 qnia
157 1533 255 1587 leniter
273 1533 424 1602 castigatus
443 1530 555 1585 exbibet
579 1530 759 1584 reverentiam
784 1530 865 1585 msti-

68 1623 157 1694 ganti.
169 1621 322 1690 Asperitate
334 1627 424 1673 autern
436 1619 527 1673 nimiae
539 1618 732 1687 increpationis
745 1616 865 1672 oileusus

915 445 990 508 dicit,
1004 448 1078 515 pium
1092 449 1178 517 patris
1192 450 1318 503 ostendat
1331 448 1469 514 allectum,
1492 449 1663 514 subauditor,
1678 449 1707 504 irr

915 552 945 591 se
955 538 1063 593 babere.
1076 540 1161 593 Aliter
1170 540 1258 592 dirum
1269 540 1390 610 magistri
1402 541 1467 595 dicit
1479 541 1704 609 magnitudinem,

915 627 956 679 vel
972 636 1101 682 terrorem
1126 628 1328 698 increpationis,
1351 644 1412 697 quae
1424 644 1487 698 erga
1513 629 1634 684 subditos
1647 645 1707 683 ruu-

915 717 998 786 gister
1021 717 1139 782 miribel,
1164 727 1194 771 ιιι
1219 728 1359 771 sanentur.
1386 718 1462 784 Quoi
1486 719 1585 781 dirum,
1610 718 1708 784 idest,

915 810 977 878 quia
993 819 1079 862 terror
1099 826 1150 863 nou
1176 810 1278 872 elium,
1294 810 1340 863 sed
1355 811 1455 864 trabere
1470 811 1497 863 in
1519 826 1549 864 se
1564 810 1600 880 pii
1619 811 1706 879 patris

915 912 1026 952 neccsse
1038 907 1078 952 est
1098 899 1223 952 ostendat
1238 899 1373 953 allectum.
1399 898 1457 953 lion
1482 899 1553 952 eninr
1579 899 1606 952 in
1622 898 1706 954 delirr-

915 998 1029 1057 quentes
1042 990 1188 1058 discipulos
1203 999 1291 1044 terror
1316 991 1349 1045 do
1363 991 1416 1045 odii
1438 990 1542 1054 lorrrite,
1556 992 1603 1045 sod
1625 992 1658 1043 de
1671 991 1709 1058 pii

915 1079 1000 1149 patris
1011 1080 1157 1147 procedere
1172 1081 1251 1134 dolret
1269 1095 1372 1136 amore.
1390 1080 1423 1136 Ut
1436 1090 1561 1135 errantes
1583 1080 1708 1149 uragistri

916 1180 1005 1228 terror·
1018 1175 1148 1243 providus
1160 1174 1292 1242 corrigat,
1307 1184 1334 1228 ct
1347 1174 1415 1228 benc
1425 1183 1536 1241 agentes
1550 1174 1610 1242 pius
1624 1172 1710 1241 patris

915 1279 992 1317 amor
1011 1263 1141 1318 reloreat.
1164 1263 1240 1319 Unde
1263 1274 1289 1318 et
1304 1273 1366 1332 apta
1381 1264 1512 1332 qunrsitio
1536 1263 1606 1316 beati
1627 1261 1711 1316 Rouc-

914 1355 979 1410 dieti
992 1356 1017 1408 ιιι
1033 1356 1166 1425 superiori
1182 1356 1328 1419 sortientia,
1349 1370 1403 1423 qun
1417 1355 1500 1408 dicit:
1515 1353 1615 1422 Argue,
1631 1353 1710 1408 obso-

916 1458 974 1507 cra,
998 1444 1121 1512 increpa,
1143 1442 1308 1496 lucidissime
1322 1442 1454 1496 subditur.
1476 1441 1522 1493 dit
1535 1456 1606 1493 errnrr
1620 1440 1654 1495 de
1668 1456 1712 1494 ar·

915 1533 1041 1603 gutierre:
1059 1531 1093 1584 td
1104 1541 1140 1585 est
1158 1530 1379 1600 t'rrrlisciplinatos,
1393 1539 1417 1582 et
1430 1529 1557 1599 iaqrrletos
1570 1529 1643 1582 debet
1659 1529 1710 1584 tla-

915 1622 971 1675 rr'tts
987 1638 1106 1690 arguere.

69 1727 124 1768 uec
145 1710 355 1780 increpationem
371 1709 484 1778 recipit,
509 1723 560 1762 occ
573 1708 698 1762 salutern.
717 1695 901 1762 Possurnusss
949 1710 995 1765 nn
1017 1712 1049 1765 de
1062 1711 1254 1777 obsecratione
1271 1729 1278 1764 ε
1297 1708 1451 1764 Olredieates
1470 1719 1568 1774 autern,
1587 1721 1611 1765 et
1625 1711 1711 1776 mites,

69 1811 96 1856 et
112 1802 142 1855 ιιι
156 1800 207 1855 bae
222 1799 365 1863 sententia,
382 1814 463 1867 qnam
483 1798 522 1852 illi
539 1799 567 1852 in
579 1797 695 1853 dirersis
713 1798 862 1852 rationabi-

69 1895 136 1949 liter
157 1891 313 1960 intelligunt
343 1889 506 1959 implendam
527 1890 665 1958 personis,
694 1889 720 1942 in
739 1904 792 1942 una
815 1904 863 1942 ea·

69 1986 188 2051 itemque
199 1995 314 2052 persona
328 1996 375 2050 per
391 1989 540 2050 temporum
555 1981 695 2035 intervalla
711 1982 769 2035 sine
783 1980 864 2034 dubio

71 2073 225 2143 intelligcie
237 2086 297 2127 esse
314 2071 509 2140 complendam.
523 2070 643 2124 Primum
658 2071 730 2124 enirn
751 2085 863 2139 arguen-

70 2165 125 2219 dus
144 2170 188 2216 est
208 2168 346 2231 peccator,
369 2161 431 2229 quia
450 2169 554 2229 peceat.
581 2159 764 2229 Neque-enim
780 2160 864 2213 alium

70 2257 151 2311 decet
175 2269 299 2325 arguere,
315 2253 368 2307 nisi
390 2262 557 2323 peccantem.
581 2252 657 2308 Sient
680 2253 810 2308 {laurinus
836 2255 864 2307 ιιι

71 2346 218 2416 Evangelio
229 2346 267 2399 alt
283 2364 289 2398 :
303 2343 333 2399 Si
352 2346 494 2415 peccaverit
514 2345 542 2397 ιἰι
564 2354 589 2396 te
610 2344 693 2413 frater
703 2354 776 2408 taras,
789 2343 862 2406 rarle,

70 2449 97 2495 et
118 2456 199 2507 nepae
221 2455 279 2492 earn
298 2439 410 2491 intecto
432 2445 457 2489 et
475 2436 559 2505 ipsam
579 2435 675 2489 solam.
701 2434 731 2490 ss·
750 2435 864 2488 audierit

55 2543 107 2596 ὶιι,
129 2532 247 2585 latratas
271 2546 298 2583 es
320 2529 428 2599 fratrem
448 2536 523 2580 taam
544 2525 653 2596 (liattlr.
679 2525 770 2596 xvrrr).
794 2525 863 2579 Ecce

69 2626 127 2695 jam
142 2628 301 2680 lucratores
314 2624 452 2694 arguendo
466 2622 594 2686 iratrcrrr;
618 2623 681 2690 quia
698 2622 811 2676 audiens
826 2630 862 2685 te,

71 2718 195 2775 correxit
206 2732 244 2773 se.
256 2716 374 2771 lmsecra
386 2715 458 2769 euim
473 2714 583 2777 iterum,
595 2719 625 2765 nt
637 2712 757 2781 quotidie
768 2712 794 2764 iu
813 2711 863 2765 bo·

71 2807 118 2862 nis
138 2807 243 2862 aanbos
258 2807 360 2870 vireas,
374 2804 413 2858 sic
435 2804 462 2857 in
478 2801 623 2856 rirtutilrus
639 2808 753 2865 crescat,
766 2808 862 2870 qnate-

72 2912 125 2952 nus
136 2897 170 2952 ad
180 2895 411 2966 perseverantiam
422 2893 484 2948 lroni
497 2892 586 2962 operis
595 2893 697 2946 veniat.
712 2890 760 2946 Sin
771 2901 862 2946 autern

73 2998 102 3044 tc
119 3002 173 3042 norr
198 2987 325 3052 audierit,
342 3000 394 3040 nec
414 2999 444 3039 se
460 2983 660 3049 emendaverit,
680 2990 728 3037 aut
746 2982 862 3037 fortasse

72 3089 135 3151 pest
153 3080 368 3134 emendationem
388 3077 422 3130 ad
446 3076 576 3130 vomitum
604 3074 735 3139 redierit,
753 3075 862 3145 increpa

71 3185 136 3225 etrrrr
149 3169 262 3234 duriter,
274 3169 335 3224 etsi
347 3168 430 3232 sales,
443 3166 566 3231 emenda,
584 3165 611 3219 in
623 3166 695 3220 omni
707 3173 796 3219 tamen
813 3181 862 3234 pa·

72 3260 179 3324 tientia,
195 3267 223 3314 et
240 3259 373 3314 doctriua.
388 3258 423 3311 Et
435 3257 487 3311 boc
506 3255 587 3309 molo
601 3255 628 3309 irr
638 3270 692 3311 una
714 3255 865 3325 eademqne

72 3367 189 3423 quorsom
213 3353 271 3406 lrare
293 3358 348 3406 rota
364 3350 468 3420 impleri
494 3354 583 3417 potest
608 3347 753 3402 sententia.
777 3346 865 3400 Aliter

71 3457 193 3515 congruo
205 3453 325 3513 tempore
340 3443 494 3512 arguendus
508 3447 551 3495 est
564 3454 680 3509 peccans
703 3439 863 3501 monaclurs,

70 3544 103 3590 ιιι
117 3535 261 3591 declineta
275 3534 354 3589 malo.
365 3533 393 3588 Si
409 3532 680 3596 emendavit,iter·nm
692 3529 864 3583 convenienti
915 3570 921 3582 .

72 3636 196 3695 tempore
219 3625 403 3681 obsecrandus
422 3632 473 3688 est,
486 3630 516 3675 ut
529 3639 583 3677 noa
607 3621 697 3690 tepide
711 3621 794 3683 visat,
817 3619 864 3674 sed

72 3719 100 3772 in
124 3716 271 3772 uirtutibus
295 3730 421 3770 crescens
449 3712 531 3768 iaciat
558 3711 670 3765 ironam.
700 3709 747 3764 Sin
774 3718 864 3764 auteur

71 3807 218 3862 ernernlare
234 3805 359 3869 noluerit,
372 3805 414 3859 rel
425 3805 583 3859 obsecratus
598 3802 697 3854 iterum
716 3809 778 3869 apto
799 3808 865 3853 tenr-

71 3913 138 3968 pore
169 3896 310 3952 terrendos
326 3904 369 3949 est
392 3895 490 3957 valde,
516 3901 544 3947 et
567 3889 758 3960 increpandus,
774 3888 811 3941 ita
837 3898 866 3942 ut

71 3989 197 4042 rtbnions
210 3995 237 4041 et
250 3986 418 4056 publicanus.
441 3983 510 4038 linio
532 3981 623 4036 serrsui
642 3980 714 4034 beati
727 3979 865 4033 Benedicti

71 4082 179 4136 ridetur
194 4079 328 4149 expositio
346 4091 505 4146 congruere.
522 4074 590 4129 Cunr
609 4072 682 4127 euim
699 4071 811 4137 diceret,
824 4086 867 4124 ar-

71 4189 134 4244 gue,
145 4173 271 4235 obsecra,
283 4171 403 4238 increpa,
424 4168 527 4222 addidit
541 4169 559 4217 ε’

108 4264 142 4318 ld
152 4273 201 4328 est,
215 4263 323 4316 rrriscens
333 4259 490 4329 temporibus
501 4267 628 4326 tempora,
640 4253 784 4308 terroribus
795 4252 868 4306 blarr-

70 4357 188 4410 rlirrrerrto
211 4353 250 4407 dc
263 4353 285 4406 si
300 4352 424 4407 diceret:
442 4349 610 4418 temporibus
621 4345 770 4415 argutionis
784 4344 868 4398 misce

72 4459 195 4516 tempora
219 4442 425 4505 obsecrationis,
445 4448 473 4494 et
492 4437 658 4507 temporibus
673 4435 869 4491 obsecrationis

71 4539 158 4594 nrisce
173 4546 294 4603 tempora
310 4531 513 4602 increpationis.
528 4530 635 4583 Etcum
650 4526 785 4596 peccatrix
810 4526 869 4579 ani-

72 4644 117 4684 rua
137 4625 368 4696 increpationibus
386 4621 508 4692 magistri
524 4620 618 4690 rigidis
630 4619 764 4688 justisque
786 4616 869 4671 luerit

72 4719 179 4783 territa,
195 4717 329 4770 addantur
342 4715 379 4769 illi
395 4723 508 4783 paterno
527 4726 632 4773 aurore,
651 4723 685 4761 ne
698 4708 725 4761 in
740 4706 868 4775 despora-

71 4812 157 4868 tlunis
182 4818 320 4879 nrcrgatur
341 4807 456 4869 lorcam,
477 4813 505 4860 et
524 4804 717 4858 lrlnnrlimerrta.
743 4799 813 4854 lline
838 4805 866 4853 ct

71 4907 170 4960 tronus
184 4899 333 4969 Gregorius
346 4898 404 4952 ait:
421 4895 559 4950 llisccnda
570 4899 612 4947 est
622 4907 686 4961 ergo
696 4890 794 4943 lenitas
806 4904 867 4943 cum

71 4992 231 5048 severitate.
256 4987 421 5042 Faciendum
437 4984 572 5055 quoddam
588 4997 622 5035 err
637 4989 752 5048 utroquo
767 4988 869 5048 tempe·

72 5071 242 5145 ramentum,
265 5087 296 5133 ut
309 5092 396 5148 neque
418 5076 501 5130 multa
518 5073 664 5142 asperitate
677 5070 869 5126 exulcerentur

71 5171 186 5234 subditi,
202 5185 290 5241 neque
314 5169 396 5223 nimia
417 5166 585 5236 benignitate
609 5163 757 5218 solvantur.
775 5160 869 5216 Omnis

71 5263 147 5319 enim
162 5261 196 5315 ab
207 5261 303 5315 abbate
315 5259 451 5329 sagaciter
464 5254 615 5311 exbibenda
630 5263 672 5309 est
684 5268 760 5318 eura,
774 5266 808 5306 ne
818 5252 867 5306 ali-

70 5369 126 5427 qua
139 5370 173 5409 ex
185 5353 281 5408 oribus
294 5352 353 5422 ejus
369 5358 472 5421 pereat.
488 5347 564 5403 Unde
577 5356 605 5400 ct
618 5346 757 5400 sulrditur:

109 5446 205 5498 iliram
216 5442 345 5512 magistri,
359 5443 431 5510 piam
444 5440 526 5510 periris
542 5437 660 5491 ostendat
672 5436 805 5504 affectam.
822 5433 867 5488 trt-

73 5550 133 5589 rum
146 5535 281 5604 magistri,
295 5533 395 5586 dieitur
407 5529 549 5599 gravitudo
561 5527 628 5596 ejus,
643 5527 686 5580 rel
705 5524 868 5595 maguitudi-

73 5625 128 5688 ais,
143 5631 190 5680 atrt
209 5624 329 5692 dignitas
351 5621 461 5691 grandis
485 5619 606 5675 lranoris.
630 5617 779 5687 aliquoties
794 5615 866 5671 euim

914 1811 937 1853 et
953 1804 1089 1872 patientes,
1102 1814 1130 1857 nt
1140 1805 1168 1857 r'rr
1180 1803 1272 1857 melias
1283 1802 1422 1873 proficiant
1435 1802 1580 1856 obsecrare.

948 1890 993 1946 mr
1010 1891 1044 1946 de
1067 1892 1281 1962 increpatione:
1304 1890 1470 1961 Neqlipentes
1496 1900 1520 1944 et
1542 1900 1711 1944 contemnen-

915 1993 962 2049 tes,
978 1994 1005 2037 nt
1026 1986 1151 2055 increpet,
1168 1995 1191 2039 ot
1213 1985 1339 2052 corripiat
1362 1982 1543 2037 admonemus.
1568 1981 1656 2046 Nulla,
1681 1990 1711 2037 ιιι

914 2077 1041 2140 ιιιὶιιιοι,
1059 2075 1174 2129 lucidior
1195 2075 1330 2143 expositio
1353 2074 1380 2127 iu
1406 2074 1455 2128 lrac
1479 2072 1612 2142 Apostoli,
1629 2088 1711 2142 quam

914 2165 1008 2218 leatus
1027 2163 1187 2219 Benedictus
1199 2163 1274 2227 lecit,
1289 2162 1388 2232 poterit
1403 2162 1519 2215 iurerriri
1532 2163 1678 2217 sententia.

951 2271 1043 2341 Neque
1057 2270 1204 2325 dissimulet
1219 2280 1326 2341 peccata
1342 2270 1557 2340 delinquentiam.
1571 2269 1629 2323 Non
1640 2271 1712 2324 enirn

915 2363 1107 2418 dissimulanda
1127 2370 1190 2417 sunt
1204 2370 1314 2433 peccata
1328 2362 1552 2431 delinquentium,
1570 2376 1603 2429 ne
1619 2360 1712 2415 subdi-

915 2462 1005 2507 torum
1028 2454 1107 2507 noxia
1134 2454 1178 2508 diu
1202 2453 1370 2523 protelentur
1391 2452 1501 2507 delicta.
1522 2453 1609 2520 Quam
1631 2453 1712 2507 citius

914 2545 986 2599 euim
1001 2544 1153 2614 peccatoris
1165 2545 1334 2599 emendanda
1356 2542 1437 2598 luerit
1450 2545 1539 2614 culpa,
1555 2551 1610 2597 tam
1626 2543 1710 2598 citius

913 2635 1089 2704 consequitur
1112 2643 1140 2690 et
1154 2637 1272 2689 reniam.
1297 2634 1431 2690 Celeriter
1453 2637 1533 2690 lrolic
1548 2636 1632 2691 abbas
1654 2635 1711 2690 eul-

914 2745 976 2799 pam
990 2728 1162 2782 maoilestam
1188 2729 1316 2783 emendat
1340 2745 1440 2793 unam;
1465 2744 1527 2784 cras
1549 2731 1608 2783 siae
1630 2731 1713 2785 dtrbio

914 2840 996 2895 quam
1012 2824 1159 2878 emendare
1184 2822 1280 2877 debeat
1299 2822 1409 2876 babebit
1424 2822 1547 2876 alteram.
1571 2822 1641 2891 Ergo
1658 2837 1713 2876 narr

915 2914 1027 2968 tardans
1048 2910 1200 2966 dissimulet
1215 2912 1370 2977 emendare,
1385 2911 1461 2980 quasi
1484 2911 1619 2976 nesciens,
1632 2927 1713 2983 quern

915 3012 970 3059 tam
985 3004 1094 3074 grandis
1107 3003 1259 3057 animarum
1277 3002 1417 3072 regiminis
1431 3002 1530 3072 promit
1548 3001 1639 3056 lascis.

951 3115 1002 3171 Sed
1014 3131 1075 3170 moa
1089 3124 1117 3167 at
1132 3115 1253 3183 reperiat
1265 3114 1339 3178 oriri,
1355 3113 1482 3167 radicitus
1492 3123 1565 3173 emat
1576 3112 1713 3184 prevalet,

914 3217 1040 3278 anrprrtel.
1074 3205 1102 3259 ιιι
1135 3215 1196 3260 ortu
1230 3222 1280 3260 sno
1307 3205 1436 3261 radicitus
1463 3207 1626 3276 amputanda
1651 3212 1714 3262 sutri

914 3299 1049 3362 villarei
1073 3310 1195 3369 peccata,
1223 3314 1268 3362 ac,
1295 3297 1356 3353 laxis
1372 3298 1540 3368 lrrnratisque
1564 3299 1713 3366 radicibus,

914 3392 1011 3447 norios
1033 3408 1124 3447 ramos
1146 3393 1268 3456 mittant,
1284 3402 1310 3444 et
1327 3393 1354 3445 in
1370 3392 1452 3445 ramis
1466 3391 1529 3444 mali
1553 3392 1643 3460 operis
1656 3391 1713 3446 lra-

915 3492 975 3538 elus
991 3484 1089 3538 terant.
1116 3482 1256 3537 Radicitrrs
1273 3490 1415 3551 amputare
1438 3489 1558 3549 peccata,
1583 3480 1625 3534 rel
1645 3481 1712 3535 ritia

911 3573 1003 3639 jussit,
1019 3571 1066 3625 sod
1081 3577 1170 3624 lamen
1187 3578 1215 3623 ιιι
1229 3569 1357 3639 praevalet
1370 3570 1447 3622 airu.
1468 3568 1525 3622 Non
1542 3569 1614 3623 enim
1626 3585 1713 3639 qnan-

916 3671 972 3717 tanr
989 3663 1113 3716 nolumus
1133 3670 1274 3731 amputare
1296 3669 1417 3730 paccata,
1436 3660 1475 3715 rel
1495 3661 1560 3715 sitia
1575 3660 1708 3725 valemus,

916 3753 963 3808 scd
978 3760 1108 3822 qnantum
1124 3768 1185 3807 eum
1208 3752 1314 3807 Domini
1336 3751 1470 3820 adjutorio
1490 3766 1634 3821 possumus
1653 3767 1712 3804 anr-

916 3852 1013 3913 putare
1028 3852 1139 3913 peccata
1154 3842 1378 3913 delinquentium,
1400 3841 1568 3897 festinemus.

955 3957 1056 4013 Memor
1068 3959 1178 4029 periculi
1193 3957 1409 4012 detinendae
1423 3958 1455 4012 de
1476 3956 1531 4011 Silo
1553 3956 1579 4026 (ι
1590 3956 1652 4026 lien.
1668 3956 1711 4028 ιι).

917 4048 985 4118 Quia
1000 4051 1072 4105 enim
1088 4049 1155 4104 lalsa
1171 4050 1272 4118 pietate
1285 4057 1432 4118 superatus·
1448 4047 1531 4102 lerino
1554 4046 1610 4102 lleli
1625 4048 1713 4102 dolia-

920 4148 1032 4210 quentes
1044 4137 1220 4201 lrlios'ooluit,
1237 4137 1306 4208 apud
1322 4135 1599 4204 rlistriotuurjrrdiconr
1613 4144 1712 4191 semct-

918 4231 1005 4302 ipsnm
1024 4246 1085 4285 curn
1101 4229 1165 4283 liliis
1186 4221 1287 4283 crudeli
1304 4227 1477 4281 damnatione
1497 4226 1642 4296 percussit.
1657 4225 1712 4280 Pro

919 4322 1063 4391 iniquitate
1077 4321 1149 4374 eninr
1165 4318 1283 4373 filiorum
1299 4332 1408 4372 srrrrrum
1424 4317 1569 4370 damnatus
1583 4323 1636 4380 est,
1650 4317 1713 4397 quia

922 4428 975 4468 non
990 4428 1037 4466 eas
1047 4412 1201 4475 serenitate,
1215 4419 1243 4464 ot
1256 4410 1418 4465 auctoritate
1431 4407 1570 4462 Pontificis
1590 4408 1713 4477 increpa·

921 4503 960 4557 rit
973 4519 981 4567 ;
995 4501 1042 4555 sod
1057 4500 1263 4555 mausuetudine
1274 4508 1385 4569 paterna
1398 4498 1501 4553 lenivit.
1522 4497 1587 4564 Quae
1604 4507 1714 4552 sentcn-

921 4594 958 4647 tia
982 4592 1126 4663 vigilanter
1149 4593 1184 4647 alr
1206 4589 1355 4645 Ablratibus
1377 4596 1419 4644 est
1442 4587 1572 4651 timenda,
1595 4602 1629 4643 oo
1644 4587 1715 4642 ltrrte

921 4683 1057 4751 comples
1078 4697 1159 4752 quam
1183 4683 1272 4746 dccet,
1296 4679 1393 4736 leniter
1412 4678 1579 4733 subditorum
1603 4693 1714 4732 suornm

921 4775 1088 4844 palpareriut
1109 4773 1213 4843 culpas,
1235 4771 1391 4828 adistricto
1414 4770 1506 4840 judice
1531 4770 1714 4826 damnationis

919 4866 1054 4921 leniantur
1072 4866 1217 4920 sententia.

954 4978 988 5033 Et
1001 4978 1161 5032 lronestiores
1176 4976 1290 5046 qnidam,
1309 4983 1386 5045 otqae
1405 4971 1579 5042 intelligibiles
1600 4973 1714 5037 animos,

919 5072 1015 5142 prima,
1027 5068 1065 5123 trel
1086 5067 1201 5122 secando
1220 5065 1398 5118 admonitione
1413 5063 1495 5117 verbis
1513 5063 1647 5132 corripiat.
1662 5062 1716 5118 llo·

919 5161 1054 5217 nestiares
1080 5158 1166 5221 dicit,
1193 5154 1418 5210 honorabiliores.
1446 5152 1581 5208 Honestns
1606 5152 1714 5218 dicitur,

919 5249 996 5321 quasi
1012 5248 1122 5303 honoris
1137 5255 1235 5311 status,
1248 5261 1280 5300 co
1301 5245 1373 5314 quod
1393 5243 1461 5298 nihil
1483 5244 1583 5298 babeat
1598 5243 1714 5312 turpitu-

921 5342 1000 5396 dinis.
1014 5337 1206 5408 intelligibiles,
1230 5337 1335 5392 ratione
1348 5351 1473 5406 capaces,
1490 5335 1649 5406 quiesque
1664 5346 1713 5383 arr·

920 5433 997 5488 diunt
1022 5446 1038 5485 a
1062 5429 1201 5499 magistris
1225 5428 1386 5498 intelligunt,
1410 5436 1438 5481 et
1457 5424 1584 5494 operibus
1603 5421 1714 5489 implero

922 5520 1101 5578 contendant.
1118 5519 1196 5586 Quod
1210 5519 1233 5574 si
1249 5519 1277 5575 in
1290 5518 1425 5587 aliquibus
1440 5515 1520 5568 rebus
1531 5509 1712 5573 excesscr·irrt;

919 5613 1049 5684 quianon
1069 5620 1111 5666 est
1125 5612 1207 5665 bomo
1222 5610 1267 5681 qui
1290 5610 1356 5664 sirit
1374 5615 1403 5662 et
1424 5621 1478 5660 norr
1500 5609 1603 5672 peccet,
1618 5615 1713 5654 securr-
