<?xml version="1.0" encoding="UTF-8"?>
<!DOCTYPE html PUBLIC "-//W3C//DTD XHTML 1.0 Transitional//EN"
    "http://www.w3.org/TR/xhtml1/DTD/xhtml1-transitional.dtd">
<html xmlns="http://www.w3.org/1999/xhtml" xml:lang="en" lang="en">
 <head>
  <title>
</title>
<meta http-equiv="Content-Type" content="text/html;charset=utf-8" />
  <meta name='ocr-system' content='tesseract 3.04.00' />
  <meta name='ocr-capabilities' content='ocr_page ocr_carea ocr_par ocr_line ocrx_word'/>
</head>
<body>
  <div class='ocr_page' id='page_1' title='image "./patrologiaecurs80unkngoog/patrologiaecurs80unkngoog_0115.png"; bbox 0 0 3810 6120; ppageno 0'>
   <div class='ocr_carea' id='block_1_1' title="bbox 168 285 1810 375">
    <p class='ocr_par' dir='ltr' id='par_1_1' title="bbox 168 285 1810 375">
     <span class='ocr_line' id='line_1_1' title="bbox 168 285 1810 375; baseline -0.004 -24"><span class='ocrx_word' id='word_1_1' title='bbox 168 315 223 375; x_wconf 60' lang='lat' dir='ltr'>‚q</span> <span class='ocrx_word' id='word_1_2' title='bbox 812 287 1157 350; x_wconf 81' lang='lat' dir='ltr'>surnrcorrrrrnarrs</span> <span class='ocrx_word' id='word_1_3' title='bbox 1755 285 1810 344; x_wconf 79' lang='lat' dir='ltr'>aar</span> 
     </span>
    </p>
   </div>
   <div class='ocr_carea' id='block_1_2' title="bbox 66 391 1815 2502">
    <p class='ocr_par' dir='ltr' id='par_1_2' title="bbox 66 391 1815 2502">
     <span class='ocr_line' id='line_1_2' title="bbox 168 391 1808 490; baseline -0.026 -1"><span class='ocrx_word' id='word_1_4' title='bbox 168 433 249 490; x_wconf 89' lang='lat' dir='ltr'>bitat.</span> <span class='ocrx_word' id='word_1_5' title='bbox 264 423 322 482; x_wconf 80' lang='lat' dir='ltr'>Non</span> <span class='ocrx_word' id='word_1_6' title='bbox 335 421 361 479; x_wconf 91' lang='lat' dir='ltr'>ei</span> <span class='ocrx_word' id='word_1_7' title='bbox 374 416 504 476; x_wconf 75' lang='lat' dir='ltr'>satisfuit</span> <span class='ocrx_word' id='word_1_8' title='bbox 518 415 609 472; x_wconf 84' lang='lat' dir='ltr'>dicere</span> <span class='ocrx_word' id='word_1_9' title='bbox 623 430 631 468; x_wconf 74' lang='grc' dir='ltr'><strong>ε</strong></span> <span class='ocrx_word' id='word_1_10' title='bbox 654 409 718 470; x_wconf 80' lang='lat' dir='ltr'>Volo</span> <span class='ocrx_word' id='word_1_11' title='bbox 731 419 759 466; x_wconf 91' lang='lat' dir='ltr'>trt</span> <span class='ocrx_word' id='word_1_12' title='bbox 779 409 824 465; x_wconf 81' lang='lat' dir='ltr'>trit</span> <span class='ocrx_word' id='word_1_13' title='bbox 844 424 890 479; x_wconf 78' lang='lat' dir='ltr'>eqo</span> <span class='ocrx_word' id='word_1_14' title='bbox 903 423 961 462; x_wconf 84' lang='lat' dir='ltr'>aum</span> <span class='ocrx_word' id='word_1_15' title='bbox 975 403 1071 474; x_wconf 77' lang='lat' dir='ltr'>Aejns</span> <span class='ocrx_word' id='word_1_16' title='bbox 1087 397 1236 457; x_wconf 78' lang='lat' dir='ltr'><strong>Ecclesiam</strong></span> <span class='ocrx_word' id='word_1_17' title='bbox 1250 412 1300 470; x_wconf 90' lang='lat' dir='ltr'>per</span> <span class='ocrx_word' id='word_1_18' title='bbox 1313 403 1429 468; x_wconf 89' lang='lat' dir='ltr'>quatuor</span> <span class='ocrx_word' id='word_1_19' title='bbox 1445 403 1536 465; x_wconf 84' lang='lat' dir='ltr'>partes</span> <span class='ocrx_word' id='word_1_20' title='bbox 1553 391 1646 450; x_wconf 89' lang='lat' dir='ltr'>mnndi</span> <span class='ocrx_word' id='word_1_21' title='bbox 1660 391 1808 464; x_wconf 80' lang='lat' dir='ltr'>didusanr;</span> 
     </span>
     <span class='ocr_line' id='line_1_3' title="bbox 170 485 1809 594; baseline -0.032 -13"><span class='ocrx_word' id='word_1_22' title='bbox 170 542 194 581; x_wconf 78' lang='lat' dir='ltr'>er</span> <span class='ocrx_word' id='word_1_23' title='bbox 206 523 256 594; x_wconf 73' lang='lat' dir='ltr'>ipsi</span> <span class='ocrx_word' id='word_1_24' title='bbox 266 521 330 582; x_wconf 81' lang='lat' dir='ltr'>aiut,</span> <span class='ocrx_word' id='word_1_25' title='bbox 350 515 396 572; x_wconf 85' lang='lat' dir='ltr'>sed</span> <span class='ocrx_word' id='word_1_26' title='bbox 411 510 526 576; x_wconf 75' lang='lat' dir='ltr'>addidit,</span> <span class='ocrx_word' id='word_1_27' title='bbox 539 521 641 563; x_wconf 68' lang='lat' dir='ltr'>mnam</span> <span class='ocrx_word' id='word_1_28' title='bbox 652 518 662 560; x_wconf 88' lang='lat'>.·</span> <span class='ocrx_word' id='word_1_29' title='bbox 673 517 734 562; x_wconf 88' lang='lat' dir='ltr'>esse</span> <span class='ocrx_word' id='word_1_30' title='bbox 752 502 825 559; x_wconf 90' lang='lat' dir='ltr'>enirn</span> <span class='ocrx_word' id='word_1_31' title='bbox 841 515 904 557; x_wconf 88' lang='lat' dir='ltr'>cum</span> <span class='ocrx_word' id='word_1_32' title='bbox 917 497 965 556; x_wconf 90' lang='lat' dir='ltr'>illo</span> <span class='ocrx_word' id='word_1_33' title='bbox 1015 495 1104 550; x_wconf 86' lang='lat' dir='ltr'>tunica</span> <span class='ocrx_word' id='word_1_34' title='bbox 1123 507 1188 548; x_wconf 88' lang='lat' dir='ltr'>vero</span> <span class='ocrx_word' id='word_1_35' title='bbox 1202 491 1247 546; x_wconf 88' lang='lat' dir='ltr'>illa</span> <span class='ocrx_word' id='word_1_36' title='bbox 1260 490 1355 546; x_wconf 87' lang='lat' dir='ltr'>sortita</span> <span class='ocrx_word' id='word_1_37' title='bbox 1373 496 1400 544; x_wconf 90' lang='lat' dir='ltr'>et</span> <span class='ocrx_word' id='word_1_38' title='bbox 1422 501 1476 542; x_wconf 90' lang='lat' dir='ltr'>non</span> <span class='ocrx_word' id='word_1_39' title='bbox 1491 485 1589 551; x_wconf 87' lang='lat' dir='ltr'>divisa,</span> <span class='ocrx_word' id='word_1_40' title='bbox 1603 485 1726 541; x_wconf 89' lang='lat' dir='ltr'>omnium</span> <span class='ocrx_word' id='word_1_41' title='bbox 1740 487 1809 545; x_wconf 56' lang='lat' dir='ltr'>ists.</span> 
     </span>
     <span class='ocr_line' id='line_1_4' title="bbox 171 577 1811 686; baseline -0.025 -16"><span class='ocrx_word' id='word_1_42' title='bbox 171 627 298 686; x_wconf 72' lang='lat' dir='ltr'>magnum</span> <span class='ocrx_word' id='word_1_43' title='bbox 315 621 416 665; x_wconf 88' lang='lat' dir='ltr'>nonuru</span> <span class='ocrx_word' id='word_1_44' title='bbox 428 611 481 666; x_wconf 90' lang='lat' dir='ltr'>est,</span> <span class='ocrx_word' id='word_1_45' title='bbox 494 609 523 657; x_wconf 88' lang='lat' dir='ltr'>et</span> <span class='ocrx_word' id='word_1_46' title='bbox 535 598 629 655; x_wconf 89' lang='lat' dir='ltr'>miseri</span> <span class='ocrx_word' id='word_1_47' title='bbox 642 604 756 668; x_wconf 76' lang='lat' dir='ltr'><strong>possunt</strong></span> <span class='ocrx_word' id='word_1_48' title='bbox 774 608 844 658; x_wconf 88' lang='lat' dir='ltr'>esse,</span> <span class='ocrx_word' id='word_1_49' title='bbox 859 591 904 648; x_wconf 90' lang='lat' dir='ltr'>nbi</span> <span class='ocrx_word' id='word_1_50' title='bbox 922 596 965 646; x_wconf 90' lang='lat' dir='ltr'>est</span> <span class='ocrx_word' id='word_1_51' title='bbox 1014 602 1075 643; x_wconf 86' lang='lat' dir='ltr'>runt</span> <span class='ocrx_word' id='word_1_52' title='bbox 1089 585 1207 657; x_wconf 86' lang='lat' dir='ltr'>partium</span> <span class='ocrx_word' id='word_1_53' title='bbox 1231 582 1401 654; x_wconf 75' lang='lat' dir='ltr'>significabat</span> <span class='ocrx_word' id='word_1_54' title='bbox 1421 578 1563 644; x_wconf 86' lang='lat' dir='ltr'>unitatem,</span> <span class='ocrx_word' id='word_1_55' title='bbox 1585 592 1646 679; x_wconf 65' lang='lat' dir='ltr'>quae</span> <span class='ocrx_word' id='word_1_56' title='bbox 1666 577 1811 637; x_wconf 69' lang='lat' dir='ltr'>charitatis</span> 
     </span>
     <span class='ocr_line' id='line_1_5' title="bbox 171 669 1810 773; baseline -0.024 -13"><span class='ocrx_word' id='word_1_57' title='bbox 171 707 226 771; x_wconf 89' lang='lat' dir='ltr'>iiie,</span> <span class='ocrx_word' id='word_1_58' title='bbox 248 701 376 773; x_wconf 91' lang='lat' dir='ltr'>qnoniam</span> <span class='ocrx_word' id='word_1_59' title='bbox 396 695 551 766; x_wconf 79' lang='lat' dir='ltr'>quicunque</span> <span class='ocrx_word' id='word_1_60' title='bbox 573 690 728 759; x_wconf 90' lang='lat' dir='ltr'>ubieunque</span> <span class='ocrx_word' id='word_1_61' title='bbox 753 684 853 740; x_wconf 87' lang='lat' dir='ltr'>inerint</span> <span class='ocrx_word' id='word_1_62' title='bbox 875 690 918 738; x_wconf 87' lang='lat' dir='ltr'>est</span> <span class='ocrx_word' id='word_1_63' title='bbox 936 688 966 736; x_wconf 91' lang='lat' dir='ltr'>et</span> <span class='ocrx_word' id='word_1_64' title='bbox 1014 677 1122 733; x_wconf 84' lang='lat' dir='ltr'>vinculo</span> <span class='ocrx_word' id='word_1_65' title='bbox 1144 675 1308 732; x_wconf 88' lang='lat' dir='ltr'>continetur.</span> <span class='ocrx_word' id='word_1_66' title='bbox 1332 671 1361 727; x_wconf 92' lang='lat' dir='ltr'>irr</span> <span class='ocrx_word' id='word_1_67' title='bbox 1384 681 1456 726; x_wconf 91' lang='lat' dir='ltr'>sorte</span> <span class='ocrx_word' id='word_1_68' title='bbox 1479 677 1569 725; x_wconf 87' lang='lat' dir='ltr'>antem</span> <span class='ocrx_word' id='word_1_69' title='bbox 1594 669 1658 738; x_wconf 93' lang='lat' dir='ltr'>qurd</span> <span class='ocrx_word' id='word_1_70' title='bbox 1685 670 1737 724; x_wconf 93' lang='lat' dir='ltr'>nisr</span> <span class='ocrx_word' id='word_1_71' title='bbox 1760 671 1810 728; x_wconf 80' lang='lat' dir='ltr'>bei</span> 
     </span>
     <span class='ocr_line' id='line_1_6' title="bbox 170 761 1811 849; baseline -0.023 1"><span class='ocrx_word' id='word_1_72' title='bbox 170 794 226 849; x_wconf 90' lang='lat' dir='ltr'>ille.</span> <span class='ocrx_word' id='word_1_73' title='bbox 243 791 297 846; x_wconf 85' lang='lat' dir='ltr'>Sed</span> <span class='ocrx_word' id='word_1_74' title='bbox 310 785 383 842; x_wconf 91' lang='lat' dir='ltr'>beati</span> <span class='ocrx_word' id='word_1_75' title='bbox 394 782 443 838; x_wconf 89' lang='lat' dir='ltr'>soli</span> <span class='ocrx_word' id='word_1_76' title='bbox 456 791 518 835; x_wconf 90' lang='lat' dir='ltr'>sunt</span> <span class='ocrx_word' id='word_1_77' title='bbox 532 777 660 841; x_wconf 81' lang='lat' dir='ltr'>manilio,</span> <span class='ocrx_word' id='word_1_78' title='bbox 676 775 739 846; x_wconf 87' lang='lat' dir='ltr'>quia</span> <span class='ocrx_word' id='word_1_79' title='bbox 750 773 822 829; x_wconf 87' lang='lat' dir='ltr'>beati</span> <span class='ocrx_word' id='word_1_80' title='bbox 837 785 964 828; x_wconf 87' lang='lat' dir='ltr'>essenon</span> <span class='ocrx_word' id='word_1_81' title='bbox 1015 767 1101 840; x_wconf 75' lang='lat' dir='ltr'>qratia</span> <span class='ocrx_word' id='word_1_82' title='bbox 1114 765 1301 845; x_wconf 77' lang='lat' dir='ltr'>commendata</span> <span class='ocrx_word' id='word_1_83' title='bbox 1319 762 1377 818; x_wconf 82' lang='lat' dir='ltr'>esti</span> <span class='ocrx_word' id='word_1_84' title='bbox 1389 761 1458 829; x_wconf 79' lang='lat' dir='ltr'>prud</span> <span class='ocrx_word' id='word_1_85' title='bbox 1473 761 1545 816; x_wconf 89' lang='lat' dir='ltr'>enirrr</span> <span class='ocrx_word' id='word_1_86' title='bbox 1559 761 1592 816; x_wconf 90' lang='lat' dir='ltr'>de</span> <span class='ocrx_word' id='word_1_87' title='bbox 1605 762 1661 831; x_wconf 89' lang='lat' dir='ltr'>ipsa</span> <span class='ocrx_word' id='word_1_88' title='bbox 1677 776 1758 818; x_wconf 89' lang='lat' dir='ltr'>eruce</span> <span class='ocrx_word' id='word_1_89' title='bbox 1768 762 1811 818; x_wconf 83' lang='lat' dir='ltr'>di-</span> 
     </span>
     <span class='ocr_line' id='line_1_7' title="bbox 171 852 1812 955; baseline -0.02 -16"><span class='ocrx_word' id='word_1_90' title='bbox 171 888 298 955; x_wconf 87' lang='lat' dir='ltr'>poterunt</span> <span class='ocrx_word' id='word_1_91' title='bbox 310 877 407 932; x_wconf 78' lang='lat' dir='ltr'>nisiex</span> <span class='ocrx_word' id='word_1_92' title='bbox 424 873 479 928; x_wconf 82' lang='lat' dir='ltr'>illo.</span> <span class='ocrx_word' id='word_1_93' title='bbox 499 869 575 938; x_wconf 85' lang='lat' dir='ltr'>Quod</span> <span class='ocrx_word' id='word_1_94' title='bbox 590 881 654 922; x_wconf 81' lang='lat' dir='ltr'>uero</span> <span class='ocrx_word' id='word_1_95' title='bbox 669 863 801 935; x_wconf 79' lang='lat' dir='ltr'>adjunxit,</span> <span class='ocrx_word' id='word_1_96' title='bbox 817 872 845 916; x_wconf 87' lang='lat' dir='ltr'>ut</span> <span class='ocrx_word' id='word_1_97' title='bbox 860 860 964 916; x_wconf 80' lang='lat' dir='ltr'>oideem</span> <span class='ocrx_word' id='word_1_98' title='bbox 1015 861 1085 917; x_wconf 91' lang='lat' dir='ltr'>ctnri</span> <span class='ocrx_word' id='word_1_99' title='bbox 1097 860 1210 916; x_wconf 47' lang='lat' dir='ltr'>sumus&amp;l</span> <span class='ocrx_word' id='word_1_100' title='bbox 1224 859 1309 914; x_wconf 87' lang='lat' dir='ltr'>ilecte</span> <span class='ocrx_word' id='word_1_101' title='bbox 1323 857 1349 911; x_wconf 91' lang='lat' dir='ltr'>in</span> <span class='ocrx_word' id='word_1_102' title='bbox 1367 870 1399 909; x_wconf 91' lang='lat' dir='ltr'>ea</span> <span class='ocrx_word' id='word_1_103' title='bbox 1417 852 1586 925; x_wconf 74' lang='lat' dir='ltr'>intelligitur,</span> <span class='ocrx_word' id='word_1_104' title='bbox 1601 854 1673 925; x_wconf 93' lang='lat' dir='ltr'>quod</span> <span class='ocrx_word' id='word_1_105' title='bbox 1685 854 1726 909; x_wconf 92' lang='lat' dir='ltr'>ait</span> <span class='ocrx_word' id='word_1_106' title='bbox 1738 855 1812 926; x_wconf 77' lang='lat' dir='ltr'>Apo-</span> 
     </span>
     <span class='ocr_line' id='line_1_8' title="bbox 153 946 1812 1034; baseline -0.019 -5"><span class='ocrx_word' id='word_1_107' title='bbox 153 988 156 993; x_wconf 82' lang='lat'><em>·</em></span> <span class='ocrx_word' id='word_1_108' title='bbox 171 973 317 1030; x_wconf 81' lang='lat' dir='ltr'>cleritatem</span> <span class='ocrx_word' id='word_1_109' title='bbox 333 981 416 1021; x_wconf 85' lang='lat' dir='ltr'>meum</span> <span class='ocrx_word' id='word_1_110' title='bbox 429 978 506 1034; x_wconf 81' lang='lat' dir='ltr'>qaum</span> <span class='ocrx_word' id='word_1_111' title='bbox 520 958 615 1014; x_wconf 83' lang='lat' dir='ltr'>dedisti</span> <span class='ocrx_word' id='word_1_112' title='bbox 625 956 700 1020; x_wconf 85' lang='lat' dir='ltr'>milri,</span> <span class='ocrx_word' id='word_1_113' title='bbox 714 956 777 1025; x_wconf 83' lang='lat' dir='ltr'>quin</span> <span class='ocrx_word' id='word_1_114' title='bbox 789 952 905 1007; x_wconf 72' lang='lat' dir='ltr'>dilexisti</span> <span class='ocrx_word' id='word_1_115' title='bbox 923 966 966 1007; x_wconf 87' lang='lat' dir='ltr'>me</span> <span class='ocrx_word' id='word_1_116' title='bbox 1015 953 1119 1010; x_wconf 86' lang='lat' dir='ltr'>stolus:</span> <span class='ocrx_word' id='word_1_117' title='bbox 1137 950 1203 1017; x_wconf 72' lang='lat' dir='ltr'>Quae</span> <span class='ocrx_word' id='word_1_118' title='bbox 1220 952 1254 1005; x_wconf 87' lang='lat' dir='ltr'>sit</span> <span class='ocrx_word' id='word_1_119' title='bbox 1272 948 1395 1013; x_wconf 81' lang='lat' dir='ltr'>latitudo,</span> <span class='ocrx_word' id='word_1_120' title='bbox 1417 957 1440 1001; x_wconf 91' lang='lat' dir='ltr'>et</span> <span class='ocrx_word' id='word_1_121' title='bbox 1453 946 1600 1016; x_wconf 76' lang='lat' dir='ltr'>torpitudo,</span> <span class='ocrx_word' id='word_1_122' title='bbox 1614 946 1812 1011; x_wconf 68' lang='lat' dir='ltr'>erutriceum</span> 
     </span>
     <span class='ocr_line' id='line_1_9' title="bbox 171 1037 1813 1121; baseline -0.021 0"><span class='ocrx_word' id='word_1_123' title='bbox 171 1076 231 1121; x_wconf 80' lang='lat' dir='ltr'>erre</span> <span class='ocrx_word' id='word_1_124' title='bbox 249 1060 460 1118; x_wconf 77' lang='lat' dir='ltr'>consrtrurrouem</span> <span class='ocrx_word' id='word_1_125' title='bbox 483 1053 629 1117; x_wconf 70' lang='lat' dir='ltr'>maudiut</span> <span class='ocrx_word' id='word_1_126' title='bbox 652 1048 761 1105; x_wconf 83' lang='lat' dir='ltr'>rideant</span> <span class='ocrx_word' id='word_1_127' title='bbox 775 1045 853 1111; x_wconf 83' lang='lat' dir='ltr'>dixit,</span> <span class='ocrx_word' id='word_1_128' title='bbox 867 1059 921 1100; x_wconf 90' lang='lat' dir='ltr'>nou</span> <span class='ocrx_word' id='word_1_129' title='bbox 935 1051 965 1099; x_wconf 93' lang='lat' dir='ltr'>ut</span> <span class='ocrx_word' id='word_1_130' title='bbox 1014 1042 1263 1115; x_wconf 68' lang='lat' dir='ltr'>profundumbata</span> <span class='ocrx_word' id='word_1_131' title='bbox 1278 1041 1428 1111; x_wconf 89' lang='lat' dir='ltr'>estqrrippe</span> <span class='ocrx_word' id='word_1_132' title='bbox 1448 1039 1474 1093; x_wconf 91' lang='lat' dir='ltr'>iu</span> <span class='ocrx_word' id='word_1_133' title='bbox 1490 1037 1742 1111; x_wconf 77' lang='lat' dir='ltr'>trausmrsoligrro,</span> <span class='ocrx_word' id='word_1_134' title='bbox 1756 1054 1813 1112; x_wconf 77' lang='lat' dir='ltr'>quo</span> 
     </span>
     <span class='ocr_line' id='line_1_10' title="bbox 171 1127 1812 1220; baseline -0.024 -7"><span class='ocrx_word' id='word_1_135' title='bbox 171 1158 292 1220; x_wconf 89' lang='lat' dir='ltr'>credant,</span> <span class='ocrx_word' id='word_1_136' title='bbox 310 1152 370 1208; x_wconf 85' lang='lat' dir='ltr'>lrdei</span> <span class='ocrx_word' id='word_1_137' title='bbox 389 1164 493 1205; x_wconf 83' lang='lat' dir='ltr'>merres</span> <span class='ocrx_word' id='word_1_138' title='bbox 507 1156 549 1202; x_wconf 90' lang='lat' dir='ltr'>est</span> <span class='ocrx_word' id='word_1_139' title='bbox 564 1146 625 1208; x_wconf 89' lang='lat' dir='ltr'>ista,</span> <span class='ocrx_word' id='word_1_140' title='bbox 647 1141 790 1202; x_wconf 78' lang='lat' dir='ltr'>aonides,</span> <span class='ocrx_word' id='word_1_141' title='bbox 810 1152 891 1207; x_wconf 85' lang='lat' dir='ltr'>quant</span> <span class='ocrx_word' id='word_1_142' title='bbox 907 1135 965 1192; x_wconf 90' lang='lat' dir='ltr'>ela·</span> <span class='ocrx_word' id='word_1_143' title='bbox 1015 1127 1812 1202; x_wconf 69' lang='lat' dir='ltr'>extenduntrrrpendentismanns,etsigniiieatoperab0u2</span> 
     </span>
     <span class='ocr_line' id='line_1_11' title="bbox 171 1222 1811 1310; baseline -0.02 -2"><span class='ocrx_word' id='word_1_144' title='bbox 171 1253 280 1308; x_wconf 87' lang='lat' dir='ltr'>ritatem</span> <span class='ocrx_word' id='word_1_145' title='bbox 294 1246 411 1310; x_wconf 80' lang='lat' dir='ltr'>Domini,</span> <span class='ocrx_word' id='word_1_146' title='bbox 425 1244 477 1297; x_wconf 89' lang='lat' dir='ltr'>nisi</span> <span class='ocrx_word' id='word_1_147' title='bbox 491 1241 563 1295; x_wconf 91' lang='lat' dir='ltr'>illam</span> <span class='ocrx_word' id='word_1_148' title='bbox 577 1252 630 1308; x_wconf 87' lang='lat' dir='ltr'>qna</span> <span class='ocrx_word' id='word_1_149' title='bbox 643 1236 714 1290; x_wconf 82' lang='lat' dir='ltr'>berra</span> <span class='ocrx_word' id='word_1_150' title='bbox 737 1232 795 1288; x_wconf 82' lang='lat' dir='ltr'>cst?</span> <span class='ocrx_word' id='word_1_151' title='bbox 812 1230 888 1285; x_wconf 80' lang='lat' dir='ltr'>beart</span> <span class='ocrx_word' id='word_1_152' title='bbox 896 1228 965 1283; x_wconf 88' lang='lat' dir='ltr'>euim</span> <span class='ocrx_word' id='word_1_153' title='bbox 1016 1227 1044 1282; x_wconf 93' lang='lat' dir='ltr'>in</span> <span class='ocrx_word' id='word_1_154' title='bbox 1056 1226 1198 1282; x_wconf 89' lang='lat' dir='ltr'>latitudine</span> <span class='ocrx_word' id='word_1_155' title='bbox 1210 1224 1361 1281; x_wconf 87' lang='lat' dir='ltr'>charitatis.</span> <span class='ocrx_word' id='word_1_156' title='bbox 1377 1223 1469 1292; x_wconf 81' lang='lat' dir='ltr'>Longa</span> <span class='ocrx_word' id='word_1_157' title='bbox 1480 1229 1522 1278; x_wconf 88' lang='lat' dir='ltr'>est</span> <span class='ocrx_word' id='word_1_158' title='bbox 1536 1238 1551 1277; x_wconf 88' lang='lat' dir='ltr'>a</span> <span class='ocrx_word' id='word_1_159' title='bbox 1568 1230 1723 1278; x_wconf 82' lang='lat' dir='ltr'>transuerso</span> <span class='ocrx_word' id='word_1_160' title='bbox 1737 1222 1811 1295; x_wconf 75' lang='lat' dir='ltr'>ligno</span> 
     </span>
     <span class='ocr_line' id='line_1_12' title="bbox 149 1312 1813 1405; baseline 0.029 -87"><span class='ocrx_word' id='word_1_161' title='bbox 149 1312 153 1320; x_wconf 93' lang='lat'><em>.</em></span> <span class='ocrx_word' id='word_1_162' title='bbox 172 1339 269 1396; x_wconf 68' lang='lat' dir='ltr'>maudo</span> <span class='ocrx_word' id='word_1_163' title='bbox 281 1336 370 1400; x_wconf 84' lang='lat' dir='ltr'>corde,</span> <span class='ocrx_word' id='word_1_164' title='bbox 382 1333 507 1405; x_wconf 79' lang='lat' dir='ltr'>quonium</span> <span class='ocrx_word' id='word_1_165' title='bbox 518 1329 567 1397; x_wconf 88' lang='lat' dir='ltr'>ipsi</span> <span class='ocrx_word' id='word_1_166' title='bbox 576 1327 661 1380; x_wconf 77' lang='lat' dir='ltr'>licam</span> <span class='ocrx_word' id='word_1_167' title='bbox 674 1321 795 1378; x_wconf 81' lang='lat' dir='ltr'>ridebant</span> <span class='ocrx_word' id='word_1_168' title='bbox 807 1319 914 1391; x_wconf 82' lang='lat' dir='ltr'>(dluttlr.</span> <span class='ocrx_word' id='word_1_169' title='bbox 927 1316 964 1388; x_wconf 78' lang='grc' dir='ltr'>ι).</span> <span class='ocrx_word' id='word_1_170' title='bbox 1016 1318 1148 1389; x_wconf 85' lang='lat' dir='ltr'>usquead</span> <span class='ocrx_word' id='word_1_171' title='bbox 1167 1327 1278 1382; x_wconf 85' lang='lat' dir='ltr'>terrant,</span> <span class='ocrx_word' id='word_1_172' title='bbox 1300 1316 1346 1372; x_wconf 91' lang='lat' dir='ltr'>ubi</span> <span class='ocrx_word' id='word_1_173' title='bbox 1366 1315 1475 1372; x_wconf 86' lang='lat' dir='ltr'>dorsum</span> <span class='ocrx_word' id='word_1_174' title='bbox 1489 1315 1626 1385; x_wconf 80' lang='lat' dir='ltr'>pedesque</span> <span class='ocrx_word' id='word_1_175' title='bbox 1641 1314 1771 1386; x_wconf 75' lang='lat' dir='ltr'>figuntur,</span> <span class='ocrx_word' id='word_1_176' title='bbox 1783 1322 1813 1372; x_wconf 91' lang='lat' dir='ltr'>et</span> 
     </span>
     <span class='ocr_line' id='line_1_13' title="bbox 172 1405 1815 1503; baseline -0.028 2"><span class='ocrx_word' id='word_1_177' title='bbox 172 1427 381 1503; x_wconf 69' lang='lat' dir='ltr'>C⁰iin⁰soeildll⁸</span> <span class='ocrx_word' id='word_1_178' title='bbox 393 1432 437 1479; x_wconf 87' lang='lat' dir='ltr'>est</span> <span class='ocrx_word' id='word_1_179' title='bbox 450 1438 465 1476; x_wconf 61' lang='grc' dir='ltr'>θ</span> <span class='ocrx_word' id='word_1_180' title='bbox 480 1419 589 1476; x_wconf 66' lang='lat' dir='ltr'>mundis</span> <span class='ocrx_word' id='word_1_181' title='bbox 609 1409 967 1482; x_wconf 68' lang='lat' dir='ltr'>⁰⁰¹tl02801u⁸leruslleu⁸</span> <span class='ocrx_word' id='word_1_182' title='bbox 1016 1409 1150 1482; x_wconf 75' lang='lat' dir='ltr'>siqnidcat</span> <span class='ocrx_word' id='word_1_183' title='bbox 1171 1407 1419 1478; x_wconf 83' lang='lat' dir='ltr'>perseuerantiam,</span> <span class='ocrx_word' id='word_1_184' title='bbox 1444 1406 1471 1462; x_wconf 90' lang='lat' dir='ltr'>in</span> <span class='ocrx_word' id='word_1_185' title='bbox 1492 1405 1661 1476; x_wconf 77' lang='lat' dir='ltr'>longitudine</span> <span class='ocrx_word' id='word_1_186' title='bbox 1681 1405 1815 1476; x_wconf 85' lang='lat' dir='ltr'>temporis</span> 
     </span>
     <span class='ocr_line' id='line_1_14' title="bbox 171 1495 1812 1581; baseline -0.016 -4"><span class='ocrx_word' id='word_1_187' title='bbox 171 1537 233 1578; x_wconf 90' lang='lat' dir='ltr'>enm</span> <span class='ocrx_word' id='word_1_188' title='bbox 243 1520 324 1574; x_wconf 86' lang='lat' dir='ltr'>Patre</span> <span class='ocrx_word' id='word_1_189' title='bbox 336 1525 365 1573; x_wconf 88' lang='lat' dir='ltr'>et</span> <span class='ocrx_word' id='word_1_190' title='bbox 376 1520 471 1570; x_wconf 90' lang='lat' dir='ltr'>sancto</span> <span class='ocrx_word' id='word_1_191' title='bbox 485 1510 588 1581; x_wconf 88' lang='lat' dir='ltr'>Spiritu</span> <span class='ocrx_word' id='word_1_192' title='bbox 600 1507 693 1569; x_wconf 86' lang='lat' dir='ltr'>Filius,</span> <span class='ocrx_word' id='word_1_193' title='bbox 710 1505 774 1574; x_wconf 85' lang='lat' dir='ltr'>quia</span> <span class='ocrx_word' id='word_1_194' title='bbox 792 1501 913 1557; x_wconf 78' lang='lat' dir='ltr'>Trinitas</span> <span class='ocrx_word' id='word_1_195' title='bbox 925 1508 967 1556; x_wconf 87' lang='lat' dir='ltr'>est</span> <span class='ocrx_word' id='word_1_196' title='bbox 1016 1499 1142 1569; x_wconf 87' lang='lat' dir='ltr'>usquein</span> <span class='ocrx_word' id='word_1_197' title='bbox 1157 1498 1248 1554; x_wconf 88' lang='lat' dir='ltr'>linem.</span> <span class='ocrx_word' id='word_1_198' title='bbox 1265 1496 1326 1553; x_wconf 72' lang='lat' dir='ltr'>Alta</span> <span class='ocrx_word' id='word_1_199' title='bbox 1339 1504 1381 1552; x_wconf 90' lang='lat' dir='ltr'>est</span> <span class='ocrx_word' id='word_1_200' title='bbox 1395 1496 1423 1551; x_wconf 91' lang='lat' dir='ltr'>in</span> <span class='ocrx_word' id='word_1_201' title='bbox 1438 1495 1588 1559; x_wconf 81' lang='lat' dir='ltr'>cacumine,</span> <span class='ocrx_word' id='word_1_202' title='bbox 1604 1508 1658 1567; x_wconf 93' lang='lat' dir='ltr'>quo</span> <span class='ocrx_word' id='word_1_203' title='bbox 1673 1502 1812 1550; x_wconf 81' lang='lat' dir='ltr'>trarrsrer-</span> 
     </span>
     <span class='ocr_line' id='line_1_15' title="bbox 170 1585 1810 1670; baseline -0.027 0"><span class='ocrx_word' id='word_1_204' title='bbox 170 1615 245 1670; x_wconf 89' lang='lat' dir='ltr'>solus</span> <span class='ocrx_word' id='word_1_205' title='bbox 263 1624 345 1666; x_wconf 90' lang='lat' dir='ltr'>rerns</span> <span class='ocrx_word' id='word_1_206' title='bbox 361 1607 456 1664; x_wconf 85' lang='lat' dir='ltr'>Dens:</span> <span class='ocrx_word' id='word_1_207' title='bbox 472 1604 506 1658; x_wconf 85' lang='lat' dir='ltr'>Et</span> <span class='ocrx_word' id='word_1_208' title='bbox 520 1611 609 1657; x_wconf 79' lang='lat' dir='ltr'>uotum</span> <span class='ocrx_word' id='word_1_209' title='bbox 631 1599 681 1668; x_wconf 70' lang='lat' dir='ltr'>ieci</span> <span class='ocrx_word' id='word_1_210' title='bbox 695 1598 744 1662; x_wconf 83' lang='lat' dir='ltr'>eir,</span> <span class='ocrx_word' id='word_1_211' title='bbox 759 1595 856 1665; x_wconf 86' lang='lat' dir='ltr'>inquit,</span> <span class='ocrx_word' id='word_1_212' title='bbox 873 1609 967 1648; x_wconf 77' lang='lat' dir='ltr'>mirrea</span> <span class='ocrx_word' id='word_1_213' title='bbox 1016 1606 1076 1649; x_wconf 83' lang='lat' dir='ltr'>sum</span> <span class='ocrx_word' id='word_1_214' title='bbox 1093 1589 1196 1659; x_wconf 72' lang='lat' dir='ltr'>lignum</span> <span class='ocrx_word' id='word_1_215' title='bbox 1214 1603 1322 1645; x_wconf 80' lang='lat' dir='ltr'>sermm</span> <span class='ocrx_word' id='word_1_216' title='bbox 1334 1603 1428 1644; x_wconf 78' lang='lat' dir='ltr'>versus</span> <span class='ocrx_word' id='word_1_217' title='bbox 1443 1585 1560 1651; x_wconf 79' lang='lat' dir='ltr'>excedit,</span> <span class='ocrx_word' id='word_1_218' title='bbox 1576 1593 1604 1641; x_wconf 91' lang='lat' dir='ltr'>et</span> <span class='ocrx_word' id='word_1_219' title='bbox 1618 1585 1753 1656; x_wconf 63' lang='lat' dir='ltr'>sipridrat</span> <span class='ocrx_word' id='word_1_220' title='bbox 1764 1601 1810 1642; x_wconf 88' lang='lat' dir='ltr'>su.</span> 
     </span>
     <span class='ocr_line' id='line_1_16' title="bbox 66 1676 1813 1772; baseline -0.026 -4"><span class='ocrx_word' id='word_1_221' title='bbox 66 1692 69 1699; x_wconf 37' lang='lat'>¹</span> <span class='ocrx_word' id='word_1_222' title='bbox 170 1721 255 1772; x_wconf 77' lang='lat' dir='ltr'>tuam,</span> <span class='ocrx_word' id='word_1_223' title='bbox 269 1715 292 1759; x_wconf 82' lang='lat' dir='ltr'>er</span> <span class='ocrx_word' id='word_1_224' title='bbox 307 1711 395 1758; x_wconf 85' lang='lat' dir='ltr'>uotum</span> <span class='ocrx_word' id='word_1_225' title='bbox 409 1699 516 1771; x_wconf 69' lang='lat' dir='ltr'>sermm,</span> <span class='ocrx_word' id='word_1_226' title='bbox 538 1697 590 1752; x_wconf 88' lang='lat' dir='ltr'>hoe</span> <span class='ocrx_word' id='word_1_227' title='bbox 609 1703 661 1759; x_wconf 90' lang='lat' dir='ltr'>est,</span> <span class='ocrx_word' id='word_1_228' title='bbox 678 1699 772 1747; x_wconf 91' lang='lat' dir='ltr'>notum</span> <span class='ocrx_word' id='word_1_229' title='bbox 793 1689 844 1744; x_wconf 89' lang='lat' dir='ltr'>leci</span> <span class='ocrx_word' id='word_1_230' title='bbox 870 1703 918 1758; x_wconf 90' lang='lat' dir='ltr'>per</span> <span class='ocrx_word' id='word_1_231' title='bbox 935 1685 967 1742; x_wconf 72' lang='lat' dir='ltr'>ii—</span> <span class='ocrx_word' id='word_1_232' title='bbox 1016 1696 1129 1752; x_wconf 89' lang='lat' dir='ltr'>pernum</span> <span class='ocrx_word' id='word_1_233' title='bbox 1140 1678 1298 1751; x_wconf 77' lang='lat' dir='ltr'>finemquo</span> <span class='ocrx_word' id='word_1_234' title='bbox 1307 1687 1405 1743; x_wconf 88' lang='lat' dir='ltr'>cuneta</span> <span class='ocrx_word' id='word_1_235' title='bbox 1414 1692 1495 1749; x_wconf 89' lang='lat' dir='ltr'>opera</span> <span class='ocrx_word' id='word_1_236' title='bbox 1508 1676 1672 1744; x_wconf 78' lang='lat' dir='ltr'>referuntur,</span> <span class='ocrx_word' id='word_1_237' title='bbox 1681 1676 1813 1747; x_wconf 74' lang='lat' dir='ltr'>qnoniam</span> 
     </span>
     <span class='ocr_line' id='line_1_17' title="bbox 169 1767 1814 1862; baseline -0.021 -8"><span class='ocrx_word' id='word_1_238' title='bbox 169 1799 241 1862; x_wconf 90' lang='lat' dir='ltr'>dem,</span> <span class='ocrx_word' id='word_1_239' title='bbox 258 1804 351 1850; x_wconf 88' lang='lat' dir='ltr'>notum</span> <span class='ocrx_word' id='word_1_240' title='bbox 372 1790 468 1846; x_wconf 76' lang='lat' dir='ltr'>faciam</span> <span class='ocrx_word' id='word_1_241' title='bbox 493 1803 543 1859; x_wconf 92' lang='lat' dir='ltr'>per</span> <span class='ocrx_word' id='word_1_242' title='bbox 563 1785 691 1855; x_wconf 84' lang='lat' dir='ltr'>speeiem,</span> <span class='ocrx_word' id='word_1_243' title='bbox 716 1790 810 1838; x_wconf 92' lang='lat' dir='ltr'>notum</span> <span class='ocrx_word' id='word_1_244' title='bbox 830 1777 882 1836; x_wconf 84' lang='lat' dir='ltr'>leci</span> <span class='ocrx_word' id='word_1_245' title='bbox 903 1794 964 1834; x_wconf 93' lang='lat' dir='ltr'>euru</span> <span class='ocrx_word' id='word_1_246' title='bbox 978 1767 1003 1828; x_wconf 89' lang='lat' dir='ltr'>B</span> <span class='ocrx_word' id='word_1_247' title='bbox 1016 1784 1113 1829; x_wconf 88' lang='lat' dir='ltr'>cuneta</span> <span class='ocrx_word' id='word_1_248' title='bbox 1124 1788 1184 1843; x_wconf 78' lang='lat' dir='ltr'>quar</span> <span class='ocrx_word' id='word_1_249' title='bbox 1194 1772 1334 1828; x_wconf 87' lang='lat' dir='ltr'>latitudine</span> <span class='ocrx_word' id='word_1_250' title='bbox 1347 1779 1374 1828; x_wconf 91' lang='lat' dir='ltr'>et</span> <span class='ocrx_word' id='word_1_251' title='bbox 1386 1769 1552 1843; x_wconf 72' lang='lat' dir='ltr'>longitndine</span> <span class='ocrx_word' id='word_1_252' title='bbox 1564 1770 1632 1826; x_wconf 89' lang='lat' dir='ltr'>bene</span> <span class='ocrx_word' id='word_1_253' title='bbox 1643 1784 1676 1826; x_wconf 90' lang='lat' dir='ltr'>ae</span> <span class='ocrx_word' id='word_1_254' title='bbox 1686 1784 1814 1842; x_wconf 81' lang='lat' dir='ltr'>persera-</span> 
     </span>
     <span class='ocr_line' id='line_1_18' title="bbox 170 1855 1814 1960; baseline -0.027 -13"><span class='ocrx_word' id='word_1_255' title='bbox 170 1891 222 1947; x_wconf 84' lang='lat' dir='ltr'>bde</span> <span class='ocrx_word' id='word_1_256' title='bbox 235 1885 481 1960; x_wconf 77' lang='lat' dir='ltr'>peregrinantibus,</span> <span class='ocrx_word' id='word_1_257' title='bbox 495 1892 590 1937; x_wconf 91' lang='lat' dir='ltr'>notum</span> <span class='ocrx_word' id='word_1_258' title='bbox 599 1879 697 1935; x_wconf 83' lang='lat' dir='ltr'>iaciaur</span> <span class='ocrx_word' id='word_1_259' title='bbox 711 1879 769 1933; x_wconf 87' lang='lat' dir='ltr'>sine</span> <span class='ocrx_word' id='word_1_260' title='bbox 785 1876 838 1931; x_wconf 86' lang='lat' dir='ltr'>ilue</span> <span class='ocrx_word' id='word_1_261' title='bbox 852 1890 967 1946; x_wconf 76' lang='lat' dir='ltr'>regnan·</span> <span class='ocrx_word' id='word_1_262' title='bbox 1017 1871 1110 1918; x_wconf 85' lang='lat' dir='ltr'>ranter</span> <span class='ocrx_word' id='word_1_263' title='bbox 1122 1862 1200 1926; x_wconf 84' lang='lat' dir='ltr'>dunt,</span> <span class='ocrx_word' id='word_1_264' title='bbox 1216 1870 1327 1932; x_wconf 88' lang='lat' dir='ltr'>propter</span> <span class='ocrx_word' id='word_1_265' title='bbox 1337 1860 1507 1915; x_wconf 83' lang='lat' dir='ltr'>altitudinem</span> <span class='ocrx_word' id='word_1_266' title='bbox 1519 1858 1672 1914; x_wconf 84' lang='lat' dir='ltr'>divinorum</span> <span class='ocrx_word' id='word_1_267' title='bbox 1686 1855 1814 1914; x_wconf 60' lang='lat' dir='ltr'>iacienda</span> 
     </span>
     <span class='ocr_line' id='line_1_19' title="bbox 170 1947 1813 2043; baseline -0.023 -7"><span class='ocrx_word' id='word_1_268' title='bbox 170 1983 243 2037; x_wconf 85' lang='lat' dir='ltr'>tibus</span> <span class='ocrx_word' id='word_1_269' title='bbox 259 1999 267 2033; x_wconf 77' lang='lat' dir='ltr'>t</span> <span class='ocrx_word' id='word_1_270' title='bbox 284 1977 317 2032; x_wconf 85' lang='lat' dir='ltr'>ilt</span> <span class='ocrx_word' id='word_1_271' title='bbox 331 1976 447 2040; x_wconf 84' lang='lat' dir='ltr'>dilectio,</span> <span class='ocrx_word' id='word_1_272' title='bbox 462 1973 558 2042; x_wconf 92' lang='lat' dir='ltr'>inquit,</span> <span class='ocrx_word' id='word_1_273' title='bbox 576 1987 628 2043; x_wconf 84' lang='lat' dir='ltr'>quo</span> <span class='ocrx_word' id='word_1_274' title='bbox 649 1968 766 2023; x_wconf 71' lang='lat' dir='ltr'>ditentur</span> <span class='ocrx_word' id='word_1_275' title='bbox 789 1983 840 2028; x_wconf 83' lang='lat' dir='ltr'>me,</span> <span class='ocrx_word' id='word_1_276' title='bbox 856 1966 884 2020; x_wconf 87' lang='lat' dir='ltr'>iu</span> <span class='ocrx_word' id='word_1_277' title='bbox 902 1965 967 2035; x_wconf 76' lang='lat' dir='ltr'>ipsis</span> <span class='ocrx_word' id='word_1_278' title='bbox 1017 1968 1079 2007; x_wconf 71' lang='lat' dir='ltr'>situi</span> <span class='ocrx_word' id='word_1_279' title='bbox 1091 1953 1275 2022; x_wconf 77' lang='lat' dir='ltr'>praemiorum.</span> <span class='ocrx_word' id='word_1_280' title='bbox 1290 1948 1425 2007; x_wconf 82' lang='lat' dir='ltr'>Profunda</span> <span class='ocrx_word' id='word_1_281' title='bbox 1449 1958 1492 2006; x_wconf 89' lang='lat' dir='ltr'>est</span> <span class='ocrx_word' id='word_1_282' title='bbox 1512 1949 1540 2004; x_wconf 91' lang='lat' dir='ltr'>in</span> <span class='ocrx_word' id='word_1_283' title='bbox 1558 1964 1590 2005; x_wconf 90' lang='lat' dir='ltr'>ea</span> <span class='ocrx_word' id='word_1_284' title='bbox 1604 1957 1682 2019; x_wconf 89' lang='lat' dir='ltr'>parte</span> <span class='ocrx_word' id='word_1_285' title='bbox 1702 1962 1762 2019; x_wconf 83' lang='lat' dir='ltr'>quae</span> <span class='ocrx_word' id='word_1_286' title='bbox 1781 1947 1813 2005; x_wconf 87' lang='lat' dir='ltr'>in</span> 
     </span>
     <span class='ocr_line' id='line_1_20' title="bbox 169 2039 1814 2143; baseline -0.021 -16"><span class='ocrx_word' id='word_1_287' title='bbox 169 2071 216 2136; x_wconf 83' lang='lat' dir='ltr'>rit,</span> <span class='ocrx_word' id='word_1_288' title='bbox 229 2080 253 2124; x_wconf 86' lang='lat' dir='ltr'>et</span> <span class='ocrx_word' id='word_1_289' title='bbox 268 2085 314 2138; x_wconf 83' lang='lat' dir='ltr'>eqo</span> <span class='ocrx_word' id='word_1_290' title='bbox 327 2068 354 2121; x_wconf 89' lang='lat' dir='ltr'>iu</span> <span class='ocrx_word' id='word_1_291' title='bbox 368 2066 443 2136; x_wconf 82' lang='lat' dir='ltr'>ipris.</span> <span class='ocrx_word' id='word_1_292' title='bbox 465 2061 606 2130; x_wconf 80' lang='lat' dir='ltr'>Quomodo</span> <span class='ocrx_word' id='word_1_293' title='bbox 622 2074 688 2130; x_wconf 75' lang='lat' dir='ltr'>ergo</span> <span class='ocrx_word' id='word_1_294' title='bbox 709 2056 829 2121; x_wconf 87' lang='lat' dir='ltr'>dilectio,</span> <span class='ocrx_word' id='word_1_295' title='bbox 852 2070 906 2126; x_wconf 90' lang='lat' dir='ltr'>qua</span> <span class='ocrx_word' id='word_1_296' title='bbox 926 2054 967 2109; x_wconf 88' lang='lat' dir='ltr'>di·</span> <span class='ocrx_word' id='word_1_297' title='bbox 1017 2055 1090 2101; x_wconf 86' lang='lat' dir='ltr'>terra</span> <span class='ocrx_word' id='word_1_298' title='bbox 1105 2045 1207 2116; x_wconf 79' lang='lat' dir='ltr'>igitur,</span> <span class='ocrx_word' id='word_1_299' title='bbox 1230 2043 1267 2098; x_wconf 86' lang='lat' dir='ltr'>ibi</span> <span class='ocrx_word' id='word_1_300' title='bbox 1286 2043 1385 2113; x_wconf 91' lang='lat' dir='ltr'>quippe</span> <span class='ocrx_word' id='word_1_301' title='bbox 1403 2050 1432 2098; x_wconf 91' lang='lat' dir='ltr'>et</span> <span class='ocrx_word' id='word_1_302' title='bbox 1446 2041 1553 2098; x_wconf 81' lang='lat' dir='ltr'>occulta</span> <span class='ocrx_word' id='word_1_303' title='bbox 1575 2047 1633 2106; x_wconf 85' lang='lat' dir='ltr'>est,</span> <span class='ocrx_word' id='word_1_304' title='bbox 1654 2039 1814 2143; x_wconf 26' lang='lat' dir='ltr'>neenrideri</span> 
     </span>
     <span class='ocr_line' id='line_1_21' title="bbox 170 2131 1815 2223; baseline -0.022 -3"><span class='ocrx_word' id='word_1_305' title='bbox 170 2163 238 2220; x_wconf 82' lang='lat' dir='ltr'>texit</span> <span class='ocrx_word' id='word_1_306' title='bbox 251 2162 332 2216; x_wconf 85' lang='lat' dir='ltr'>Pater</span> <span class='ocrx_word' id='word_1_307' title='bbox 345 2159 451 2223; x_wconf 72' lang='lat' dir='ltr'>filium,</span> <span class='ocrx_word' id='word_1_308' title='bbox 465 2166 508 2212; x_wconf 85' lang='lat' dir='ltr'>est</span> <span class='ocrx_word' id='word_1_309' title='bbox 518 2166 546 2212; x_wconf 92' lang='lat' dir='ltr'>et</span> <span class='ocrx_word' id='word_1_310' title='bbox 556 2158 583 2211; x_wconf 91' lang='lat' dir='ltr'>irr</span> <span class='ocrx_word' id='word_1_311' title='bbox 598 2155 686 2220; x_wconf 89' lang='lat' dir='ltr'>nobis,</span> <span class='ocrx_word' id='word_1_312' title='bbox 701 2153 753 2210; x_wconf 87' lang='lat' dir='ltr'>nisi</span> <span class='ocrx_word' id='word_1_313' title='bbox 767 2152 830 2222; x_wconf 90' lang='lat' dir='ltr'>qnia</span> <span class='ocrx_word' id='word_1_314' title='bbox 845 2152 968 2206; x_wconf 84' lang='lat' dir='ltr'>membra</span> <span class='ocrx_word' id='word_1_315' title='bbox 1016 2143 1115 2207; x_wconf 86' lang='lat' dir='ltr'>potest,</span> <span class='ocrx_word' id='word_1_316' title='bbox 1128 2135 1176 2191; x_wconf 80' lang='lat' dir='ltr'>sed</span> <span class='ocrx_word' id='word_1_317' title='bbox 1188 2146 1286 2191; x_wconf 88' lang='lat' dir='ltr'>cuneta</span> <span class='ocrx_word' id='word_1_318' title='bbox 1300 2132 1359 2203; x_wconf 81' lang='lat' dir='ltr'>ejus</span> <span class='ocrx_word' id='word_1_319' title='bbox 1369 2133 1526 2204; x_wconf 77' lang='lat' dir='ltr'>apparentia</span> <span class='ocrx_word' id='word_1_320' title='bbox 1543 2137 1570 2186; x_wconf 85' lang='lat' dir='ltr'>et</span> <span class='ocrx_word' id='word_1_321' title='bbox 1591 2131 1737 2188; x_wconf 85' lang='lat' dir='ltr'>eminentia</span> <span class='ocrx_word' id='word_1_322' title='bbox 1749 2131 1815 2189; x_wconf 86' lang='lat' dir='ltr'>rnde</span> 
     </span>
     <span class='ocr_line' id='line_1_22' title="bbox 170 2223 1814 2325; baseline -0.034 7"><span class='ocrx_word' id='word_1_323' title='bbox 170 2256 230 2325; x_wconf 65' lang='lat' dir='ltr'>‘lus</span> <span class='ocrx_word' id='word_1_324' title='bbox 242 2252 354 2308; x_wconf 63' lang='lat' dir='ltr'><strong>sumus?</strong></span> <span class='ocrx_word' id='word_1_325' title='bbox 375 2258 402 2305; x_wconf 93' lang='lat' dir='ltr'>et</span> <span class='ocrx_word' id='word_1_326' title='bbox 416 2250 444 2304; x_wconf 65' lang='lat'>5¹¹</span> <span class='ocrx_word' id='word_1_327' title='bbox 457 2249 503 2303; x_wconf 66' lang='lat'>¹¹¹0</span> <span class='ocrx_word' id='word_1_328' title='bbox 523 2248 669 2319; x_wconf 66' lang='lat' dir='ltr'>diligimur.</span> <span class='ocrx_word' id='word_1_329' title='bbox 690 2261 752 2300; x_wconf 91' lang='lat' dir='ltr'>curn</span> <span class='ocrx_word' id='word_1_330' title='bbox 774 2245 833 2313; x_wconf 84' lang='lat' dir='ltr'>ipse</span> <span class='ocrx_word' id='word_1_331' title='bbox 846 2243 969 2314; x_wconf 78' lang='lat' dir='ltr'>diligitur</span> <span class='ocrx_word' id='word_1_332' title='bbox 1016 2236 1195 2297; x_wconf 68' lang='lat' dir='ltr'>consurgunt,</span> <span class='ocrx_word' id='word_1_333' title='bbox 1211 2227 1251 2283; x_wconf 90' lang='lat' dir='ltr'>sic</span> <span class='ocrx_word' id='word_1_334' title='bbox 1264 2235 1293 2282; x_wconf 91' lang='lat' dir='ltr'>et</span> <span class='ocrx_word' id='word_1_335' title='bbox 1305 2229 1375 2281; x_wconf 87' lang='lat' dir='ltr'>bona</span> <span class='ocrx_word' id='word_1_336' title='bbox 1397 2234 1489 2282; x_wconf 87' lang='lat' dir='ltr'>nostra</span> <span class='ocrx_word' id='word_1_337' title='bbox 1506 2224 1539 2281; x_wconf 91' lang='lat' dir='ltr'>de</span> <span class='ocrx_word' id='word_1_338' title='bbox 1556 2223 1814 2296; x_wconf 66' lang='lat' dir='ltr'>profunditatem-</span> 
     </span>
     <span class='ocr_line' id='line_1_23' title="bbox 172 2315 1814 2408; baseline -0.02 -8"><span class='ocrx_word' id='word_1_339' title='bbox 172 2353 253 2406; x_wconf 88' lang='lat' dir='ltr'>totns,</span> <span class='ocrx_word' id='word_1_340' title='bbox 276 2341 302 2396; x_wconf 91' lang='lat' dir='ltr'>id</span> <span class='ocrx_word' id='word_1_341' title='bbox 317 2348 367 2403; x_wconf 85' lang='lat' dir='ltr'>est,</span> <span class='ocrx_word' id='word_1_342' title='bbox 389 2347 471 2408; x_wconf 88' lang='lat' dir='ltr'>eaput</span> <span class='ocrx_word' id='word_1_343' title='bbox 497 2348 525 2393; x_wconf 84' lang='lat' dir='ltr'>et</span> <span class='ocrx_word' id='word_1_344' title='bbox 546 2351 653 2406; x_wconf 89' lang='lat' dir='ltr'>corpus.</span> <span class='ocrx_word' id='word_1_345' title='bbox 678 2335 741 2390; x_wconf 89' lang='lat' dir='ltr'>ideo</span> <span class='ocrx_word' id='word_1_346' title='bbox 756 2333 894 2403; x_wconf 82' lang='lat' dir='ltr'>srrbjunxit</span> <span class='ocrx_word' id='word_1_347' title='bbox 908 2351 915 2388; x_wconf 94' lang='lat'><strong>:</strong></span> <span class='ocrx_word' id='word_1_348' title='bbox 931 2332 968 2388; x_wconf 81' lang='grc' dir='ltr'><strong>Ει</strong></span> <span class='ocrx_word' id='word_1_349' title='bbox 1019 2318 1062 2374; x_wconf 68' lang='lat'>¹1³³</span> <span class='ocrx_word' id='word_1_350' title='bbox 1075 2319 1132 2383; x_wconf 67' lang='lat' dir='ltr'>Del,</span> <span class='ocrx_word' id='word_1_351' title='bbox 1146 2333 1207 2388; x_wconf 72' lang='lat' dir='ltr'>(111ae</span> <span class='ocrx_word' id='word_1_352' title='bbox 1220 2315 1412 2388; x_wconf 86' lang='lat' dir='ltr'>comprehendi</span> <span class='ocrx_word' id='word_1_353' title='bbox 1424 2331 1456 2371; x_wconf 92' lang='lat' dir='ltr'>ac</span> <span class='ocrx_word' id='word_1_354' title='bbox 1469 2315 1611 2386; x_wconf 88' lang='lat' dir='ltr'>dijudicari</span> <span class='ocrx_word' id='word_1_355' title='bbox 1621 2330 1674 2372; x_wconf 90' lang='lat' dir='ltr'>uon</span> <span class='ocrx_word' id='word_1_356' title='bbox 1687 2322 1814 2386; x_wconf 87' lang='lat' dir='ltr'>possunt,</span> 
     </span>
     <span class='ocr_line' id='line_1_24' title="bbox 170 2409 1317 2502; baseline -0.029 -15"><span class='ocrx_word' id='word_1_357' title='bbox 170 2448 218 2502; x_wconf 80' lang='lat' dir='ltr'>epo</span> <span class='ocrx_word' id='word_1_358' title='bbox 239 2432 267 2486; x_wconf 87' lang='lat' dir='ltr'>iu</span> <span class='ocrx_word' id='word_1_359' title='bbox 286 2430 359 2500; x_wconf 85' lang='lat' dir='ltr'>ipris,</span> <span class='ocrx_word' id='word_1_360' title='bbox 375 2438 502 2497; x_wconf 86' lang='lat' dir='ltr'>tanquam</span> <span class='ocrx_word' id='word_1_361' title='bbox 524 2427 636 2490; x_wconf 88' lang='lat' dir='ltr'>diceret,</span> <span class='ocrx_word' id='word_1_362' title='bbox 661 2424 788 2496; x_wconf 92' lang='lat' dir='ltr'>qnoniam</span> <span class='ocrx_word' id='word_1_363' title='bbox 803 2439 854 2492; x_wconf 75' lang='lat' dir='ltr'>cao</span> <span class='ocrx_word' id='word_1_364' title='bbox 867 2440 928 2480; x_wconf 82' lang='lat' dir='ltr'>snm</span> <span class='ocrx_word' id='word_1_365' title='bbox 940 2430 968 2479; x_wconf 92' lang='lat' dir='ltr'>et</span> <span class='ocrx_word' id='word_1_366' title='bbox 1017 2409 1144 2466; x_wconf 81' lang='lat' dir='ltr'>uuir-ersa</span> <span class='ocrx_word' id='word_1_367' title='bbox 1159 2409 1317 2480; x_wconf 62' lang='lat' dir='ltr'>procedunt</span> 
     </span>
    </p>
   </div>
   <div class='ocr_carea' id='block_1_3' title="bbox 169 2515 1838 3179">
    <p class='ocr_par' dir='ltr' id='par_1_3' title="bbox 170 2515 1815 2895">
     <span class='ocr_line' id='line_1_25' title="bbox 170 2515 1815 2613; baseline -0.009 -35"><span class='ocrx_word' id='word_1_368' title='bbox 170 2523 232 2592; x_wconf 89' lang='lat' dir='ltr'>ipsi.</span> <span class='ocrx_word' id='word_1_369' title='bbox 247 2521 332 2577; x_wconf 77' lang='lat' dir='ltr'>Aliter</span> <span class='ocrx_word' id='word_1_370' title='bbox 341 2519 413 2575; x_wconf 91' lang='lat' dir='ltr'>enirn</span> <span class='ocrx_word' id='word_1_371' title='bbox 425 2527 467 2574; x_wconf 88' lang='lat' dir='ltr'>est</span> <span class='ocrx_word' id='word_1_372' title='bbox 477 2520 503 2573; x_wconf 91' lang='lat' dir='ltr'>iu</span> <span class='ocrx_word' id='word_1_373' title='bbox 519 2517 596 2573; x_wconf 91' lang='lat' dir='ltr'>uobis</span> <span class='ocrx_word' id='word_1_374' title='bbox 611 2523 739 2585; x_wconf 81' lang='lat' dir='ltr'>tanquam</span> <span class='ocrx_word' id='word_1_375' title='bbox 751 2515 779 2569; x_wconf 93' lang='lat' dir='ltr'>in</span> <span class='ocrx_word' id='word_1_376' title='bbox 792 2515 894 2584; x_wconf 90' lang='lat' dir='ltr'>templo</span> <span class='ocrx_word' id='word_1_377' title='bbox 906 2529 965 2570; x_wconf 91' lang='lat' dir='ltr'>suo.</span> <span class='ocrx_word' id='word_1_378' title='bbox 1053 2541 1119 2598; x_wconf 62' lang='lat' dir='ltr'>Cum</span> <span class='ocrx_word' id='word_1_379' title='bbox 1129 2541 1236 2599; x_wconf 56' lang='lat' dir='ltr'>„idm</span> <span class='ocrx_word' id='word_1_380' title='bbox 1244 2558 1305 2613; x_wconf 67' lang='lat'>“9⁰</span> <span class='ocrx_word' id='word_1_381' title='bbox 1319 2541 1399 2598; x_wconf 54' lang='lat' dir='ltr'>hm</span> <span class='ocrx_word' id='word_1_382' title='bbox 1412 2551 1521 2595; x_wconf 58' lang='lat' dir='ltr'><em>mamm</em></span> <span class='ocrx_word' id='word_1_383' title='bbox 1534 2549 1558 2596; x_wconf 49' lang='grc' dir='ltr'>θ,</span> <span class='ocrx_word' id='word_1_384' title='bbox 1568 2539 1728 2611; x_wconf 41' lang='lat' dir='ltr'>pamm</span> <span class='ocrx_word' id='word_1_385' title='bbox 1738 2548 1815 2596; x_wconf 58' lang='lat' dir='ltr'><strong><em>m</em></strong></span> 
     </span>
     <span class='ocr_line' id='line_1_26' title="bbox 170 2604 1813 2706; baseline -0.01 -39"><span class='ocrx_word' id='word_1_386' title='bbox 170 2608 537 2679; x_wconf 74' lang='lat' dir='ltr'>Aliterautemqniaetnos</span> <span class='ocrx_word' id='word_1_387' title='bbox 557 2607 807 2677; x_wconf 88' lang='lat' dir='ltr'>ipsesumus,cum</span> <span class='ocrx_word' id='word_1_388' title='bbox 819 2604 969 2658; x_wconf 88' lang='lat' dir='ltr'>secundnm</span> <span class='ocrx_word' id='word_1_389' title='bbox 1017 2642 1144 2702; x_wconf 40' lang='lat' dir='ltr'><strong>mete·</strong></span> <span class='ocrx_word' id='word_1_390' title='bbox 1162 2635 1225 2691; x_wconf 48' lang='grc' dir='ltr'>ΗΜ</span> <span class='ocrx_word' id='word_1_391' title='bbox 1248 2635 1377 2690; x_wconf 54' lang='lat' dir='ltr'>nimirum</span> <span class='ocrx_word' id='word_1_392' title='bbox 1398 2643 1441 2691; x_wconf 55' lang='lat' dir='ltr'><strong><em>w</em></strong></span> <span class='ocrx_word' id='word_1_393' title='bbox 1464 2634 1589 2690; x_wconf 55' lang='lat' dir='ltr'><strong>mahom</strong></span> <span class='ocrx_word' id='word_1_394' title='bbox 1608 2633 1642 2690; x_wconf 53' lang='lat' dir='ltr'>do</span> <span class='ocrx_word' id='word_1_395' title='bbox 1662 2649 1717 2706; x_wconf 46' lang='lat' dir='ltr'>qu,</span> <span class='ocrx_word' id='word_1_396' title='bbox 1732 2633 1813 2690; x_wconf 56' lang='lat' dir='ltr'><strong><em>m</em></strong></span> 
     </span>
     <span class='ocr_line' id='line_1_27' title="bbox 173 2691 1813 2802; baseline -0.003 -11"><span class='ocrx_word' id='word_1_397' title='bbox 173 2702 200 2756; x_wconf 63' lang='grc' dir='ltr'><strong><em>Μ</em></strong></span> <span class='ocrx_word' id='word_1_398' title='bbox 213 2701 296 2771; x_wconf 62' lang='lat'>‘¹⁰⁰⁶’</span> <span class='ocrx_word' id='word_1_399' title='bbox 320 2707 350 2755; x_wconf 63' lang='lat' dir='ltr'><strong><em>m</em></strong></span> <span class='ocrx_word' id='word_1_400' title='bbox 368 2706 450 2768; x_wconf 64' lang='lat'>‘²¹³⁰‘</span> <span class='ocrx_word' id='word_1_401' title='bbox 465 2703 586 2751; x_wconf 65' lang='lat' dir='ltr'><strong>¹¹⁰⁵“um</strong></span> <span class='ocrx_word' id='word_1_402' title='bbox 610 2701 694 2759; x_wconf 49' lang='grc' dir='ltr'>ω’</span> <span class='ocrx_word' id='word_1_403' title='bbox 710 2693 791 2749; x_wconf 71' lang='lat'>¹¹⁰¹¹¹⁰</span> <span class='ocrx_word' id='word_1_404' title='bbox 809 2691 897 2748; x_wconf 56' lang='lat' dir='ltr'><strong>‘acum</strong></span> <span class='ocrx_word' id='word_1_405' title='bbox 912 2700 966 2758; x_wconf 67' lang='lat'>⁸⁸¹⁹</span> <span class='ocrx_word' id='word_1_406' title='bbox 1017 2745 1116 2802; x_wconf 86' lang='lat' dir='ltr'>aquam</span> <span class='ocrx_word' id='word_1_407' title='bbox 1128 2731 1347 2786; x_wconf 85' lang='lat' dir='ltr'>conversurusin</span> <span class='ocrx_word' id='word_1_408' title='bbox 1363 2730 1466 2796; x_wconf 89' lang='lat' dir='ltr'>riuum,</span> <span class='ocrx_word' id='word_1_409' title='bbox 1479 2731 1584 2788; x_wconf 81' lang='lat' dir='ltr'>dixerat</span> <span class='ocrx_word' id='word_1_410' title='bbox 1605 2732 1686 2786; x_wconf 90' lang='lat' dir='ltr'>matri</span> <span class='ocrx_word' id='word_1_411' title='bbox 1710 2749 1717 2784; x_wconf 76' lang='grc' dir='ltr'><strong><em>ε</em></strong></span> <span class='ocrx_word' id='word_1_412' title='bbox 1741 2730 1813 2799; x_wconf 82' lang='lat' dir='ltr'>Quid</span> 
     </span>
     <span class='ocr_line' id='line_1_28' title="bbox 170 2790 1810 2895; baseline -0.004 -12"><span class='ocrx_word' id='word_1_413' title='bbox 170 2808 272 2864; x_wconf 57' lang='lat' dir='ltr'>“mus</span> <span class='ocrx_word' id='word_1_414' title='bbox 283 2790 342 2860; x_wconf 50' lang='lat'>⁹5⁰⁸</span> <span class='ocrx_word' id='word_1_415' title='bbox 354 2803 458 2893; x_wconf 70' lang='lat' dir='ltr'>⁸¹¹⁰¹¹¹⁸s</span> <span class='ocrx_word' id='word_1_416' title='bbox 476 2881 482 2895; x_wconf 70' lang='grc'><em>,</em></span> <span class='ocrx_word' id='word_1_417' title='bbox 948 2876 954 2890; x_wconf 80' lang='grc'>,</span> <span class='ocrx_word' id='word_1_418' title='bbox 1017 2821 1084 2876; x_wconf 88' lang='lat' dir='ltr'>mihi</span> <span class='ocrx_word' id='word_1_419' title='bbox 1102 2829 1130 2876; x_wconf 90' lang='lat' dir='ltr'>et</span> <span class='ocrx_word' id='word_1_420' title='bbox 1143 2820 1192 2877; x_wconf 91' lang='lat' dir='ltr'>tibi</span> <span class='ocrx_word' id='word_1_421' title='bbox 1208 2830 1260 2888; x_wconf 87' lang='lat' dir='ltr'>est,</span> <span class='ocrx_word' id='word_1_422' title='bbox 1284 2821 1401 2876; x_wconf 82' lang='lat' dir='ltr'>mulier?</span> <span class='ocrx_word' id='word_1_423' title='bbox 1420 2821 1539 2877; x_wconf 88' lang='lat' dir='ltr'>nondum</span> <span class='ocrx_word' id='word_1_424' title='bbox 1560 2821 1635 2877; x_wconf 81' lang='lat' dir='ltr'>uenit</span> <span class='ocrx_word' id='word_1_425' title='bbox 1656 2822 1723 2876; x_wconf 89' lang='lat' dir='ltr'>bora</span> <span class='ocrx_word' id='word_1_426' title='bbox 1737 2835 1810 2877; x_wconf 88' lang='lat' dir='ltr'>mea.</span> 
     </span>
    </p>

    <p class='ocr_par' dir='ltr' id='par_1_4' title="bbox 169 2875 1838 3179">
     <span class='ocr_line' id='line_1_29' title="bbox 207 2875 1814 2984; baseline -0.003 -12"><span class='ocrx_word' id='word_1_427' title='bbox 207 2883 261 2938; x_wconf 58' lang='grc' dir='ltr'>Μ</span> <span class='ocrx_word' id='word_1_428' title='bbox 275 2883 331 2936; x_wconf 61' lang='lat' dir='ltr'>&#39;m</span> <span class='ocrx_word' id='word_1_429' title='bbox 349 2897 408 2935; x_wconf 60' lang='lat' dir='ltr'>‘&#39;i&#39;&#39;</span> <span class='ocrx_word' id='word_1_430' title='bbox 426 2880 534 2934; x_wconf 53' lang='lat' dir='ltr'>‘&#39;lim‘&#39;</span> <span class='ocrx_word' id='word_1_431' title='bbox 555 2877 646 2944; x_wconf 56' lang='grc' dir='ltr'>’Μ’</span> <span class='ocrx_word' id='word_1_432' title='bbox 666 2893 785 2948; x_wconf 65' lang='lat' dir='ltr'>‘W</span> <span class='ocrx_word' id='word_1_433' title='bbox 802 2884 839 2980; x_wconf 68' lang='lat' dir='ltr'>‘f‘</span> <span class='ocrx_word' id='word_1_434' title='bbox 854 2875 969 2980; x_wconf 53' lang='lat'>⁶¹⁸⁶?</span> <span class='ocrx_word' id='word_1_435' title='bbox 1019 2911 1065 2968; x_wconf 76' lang='lat' dir='ltr'>sie</span> <span class='ocrx_word' id='word_1_436' title='bbox 1078 2926 1143 2984; x_wconf 67' lang='lat' dir='ltr'>ergo</span> <span class='ocrx_word' id='word_1_437' title='bbox 1156 2920 1270 2967; x_wconf 63' lang='lat' dir='ltr'>marram</span> <span class='ocrx_word' id='word_1_438' title='bbox 1294 2912 1415 2983; x_wconf 71' lang='lat' dir='ltr'>magam</span> <span class='ocrx_word' id='word_1_439' title='bbox 1435 2920 1463 2967; x_wconf 76' lang='lat' dir='ltr'>er</span> <span class='ocrx_word' id='word_1_440' title='bbox 1484 2911 1590 2967; x_wconf 77' lang='lat' dir='ltr'>nomint</span> <span class='ocrx_word' id='word_1_441' title='bbox 1605 2912 1646 2968; x_wconf 77' lang='lat' dir='ltr'>sur</span> <span class='ocrx_word' id='word_1_442' title='bbox 1665 2911 1814 2983; x_wconf 71' lang='lat' dir='ltr'>arrepens</span> 
     </span>
     <span class='ocr_line' id='line_1_30' title="bbox 169 2965 1838 3074; baseline -0.013 -46"><span class='ocrx_word' id='word_1_443' title='bbox 169 2973 277 3044; x_wconf 76' lang='lat' dir='ltr'>scipulis</span> <span class='ocrx_word' id='word_1_444' title='bbox 289 2983 362 3026; x_wconf 83' lang='lat' dir='ltr'>treus</span> <span class='ocrx_word' id='word_1_445' title='bbox 377 2979 517 3024; x_wconf 78' lang='lat' dir='ltr'>torrentem</span> <span class='ocrx_word' id='word_1_446' title='bbox 530 2967 644 3072; x_wconf 72' lang='lat' dir='ltr'>Cedrort,</span> <span class='ocrx_word' id='word_1_447' title='bbox 665 2983 751 3039; x_wconf 90' lang='lat' dir='ltr'>usque</span> <span class='ocrx_word' id='word_1_448' title='bbox 771 2968 805 3072; x_wconf 79' lang='lat' dir='ltr'>ad</span> <span class='ocrx_word' id='word_1_449' title='bbox 820 2967 907 3022; x_wconf 87' lang='lat' dir='ltr'>rllnd:</span> <span class='ocrx_word' id='word_1_450' title='bbox 923 2965 969 3022; x_wconf 85' lang='lat' dir='ltr'>Sr-</span> <span class='ocrx_word' id='word_1_451' title='bbox 1018 3011 1047 3059; x_wconf 54' lang='grc' dir='ltr'><strong>α</strong></span> <span class='ocrx_word' id='word_1_452' title='bbox 1059 3002 1176 3059; x_wconf 59' lang='lat' dir='ltr'><strong>famulus</strong></span> <span class='ocrx_word' id='word_1_453' title='bbox 1188 3005 1293 3074; x_wconf 54' lang='lat' dir='ltr'>accepit</span> <span class='ocrx_word' id='word_1_454' title='bbox 1311 3004 1339 3058; x_wconf 64' lang='lat' dir='ltr'>in</span> <span class='ocrx_word' id='word_1_455' title='bbox 1353 3019 1412 3070; x_wconf 36' lang='lat' dir='ltr'>sua&#39;</span> <span class='ocrx_word' id='word_1_456' title='bbox 1428 3012 1457 3058; x_wconf 53' lang='lat' dir='ltr'>ul</span> <span class='ocrx_word' id='word_1_457' title='bbox 1470 3004 1578 3074; x_wconf 60' lang='lat' dir='ltr'><strong>quando</strong></span> <span class='ocrx_word' id='word_1_458' title='bbox 1599 3003 1815 3060; x_wconf 46' lang='lat' dir='ltr'>distribuebatur</span> <span class='ocrx_word' id='word_1_459' title='bbox 1835 3001 1838 3007; x_wconf 91' lang='lat'>.</span> 
     </span>
     <span class='ocr_line' id='line_1_31' title="bbox 171 3058 1814 3179; baseline -0.003 -22"><span class='ocrx_word' id='word_1_460' title='bbox 171 3079 233 3117; x_wconf 70' lang='lat'>”⁸⁰²¹</span> <span class='ocrx_word' id='word_1_461' title='bbox 251 3079 312 3132; x_wconf 67' lang='lat'>“⁹⁰</span> <span class='ocrx_word' id='word_1_462' title='bbox 332 3060 428 3115; x_wconf 55' lang='lat' dir='ltr'>pm</span> <span class='ocrx_word' id='word_1_463' title='bbox 443 3060 542 3114; x_wconf 59' lang='lat' dir='ltr'>&#39;mm’</span> <span class='ocrx_word' id='word_1_464' title='bbox 554 3059 683 3130; x_wconf 43' lang='grc' dir='ltr'>ΜΨ</span> <span class='ocrx_word' id='word_1_465' title='bbox 701 3058 792 3113; x_wconf 58' lang='lat' dir='ltr'>‘dm</span> <span class='ocrx_word' id='word_1_466' title='bbox 806 3074 866 3112; x_wconf 58' lang='grc' dir='ltr'>’Μ</span> <span class='ocrx_word' id='word_1_467' title='bbox 876 3067 900 3111; x_wconf 69' lang='lat'>‘¹</span> <span class='ocrx_word' id='word_1_468' title='bbox 909 3074 1003 3179; x_wconf 53' lang='lat' dir='ltr'>mc</span> <span class='ocrx_word' id='word_1_469' title='bbox 1019 3095 1165 3166; x_wconf 85' lang='lat' dir='ltr'>unicuique</span> <span class='ocrx_word' id='word_1_470' title='bbox 1177 3105 1257 3165; x_wconf 90' lang='lat' dir='ltr'>prout</span> <span class='ocrx_word' id='word_1_471' title='bbox 1270 3097 1416 3167; x_wconf 88' lang='lat' dir='ltr'>unicuique</span> <span class='ocrx_word' id='word_1_472' title='bbox 1429 3113 1498 3168; x_wconf 88' lang='lat' dir='ltr'>opns</span> <span class='ocrx_word' id='word_1_473' title='bbox 1518 3105 1586 3152; x_wconf 87' lang='lat' dir='ltr'>erat.</span> <span class='ocrx_word' id='word_1_474' title='bbox 1608 3095 1814 3168; x_wconf 70' lang='lat' dir='ltr'>intelligendum</span> 
     </span>
    </p>
   </div>
   <div class='ocr_carea' id='block_1_4' title="bbox 170 3147 1816 3348">
    <p class='ocr_par' dir='ltr' id='par_1_5' title="bbox 170 3147 1816 3348">
     <span class='ocr_line' id='line_1_32' title="bbox 172 3147 1816 3258; baseline 0.015 -49"><span class='ocrx_word' id='word_1_475' title='bbox 172 3155 253 3210; x_wconf 80' lang='lat' dir='ltr'>euasit</span> <span class='ocrx_word' id='word_1_476' title='bbox 273 3153 401 3223; x_wconf 82' lang='lat' dir='ltr'>principia</span> <span class='ocrx_word' id='word_1_477' title='bbox 419 3167 537 3216; x_wconf 73' lang='lat' dir='ltr'>sertum,</span> <span class='ocrx_word' id='word_1_478' title='bbox 561 3160 585 3204; x_wconf 84' lang='lat' dir='ltr'>et</span> <span class='ocrx_word' id='word_1_479' title='bbox 606 3151 717 3258; x_wconf 75' lang='lat' dir='ltr'>abscidit</span> <span class='ocrx_word' id='word_1_480' title='bbox 739 3147 889 3206; x_wconf 79' lang='lat' dir='ltr'>auriculum</span> <span class='ocrx_word' id='word_1_481' title='bbox 908 3152 969 3222; x_wconf 76' lang='lat' dir='ltr'>ejas</span> <span class='ocrx_word' id='word_1_482' title='bbox 1018 3185 1111 3242; x_wconf 45' lang='grc' dir='ltr'>(ΜΘ</span> <span class='ocrx_word' id='word_1_483' title='bbox 1123 3185 1296 3241; x_wconf 48' lang='lat' dir='ltr'><strong>distributum</strong></span> <span class='ocrx_word' id='word_1_484' title='bbox 1316 3185 1401 3242; x_wconf 55' lang='lat' dir='ltr'>sume</span> <span class='ocrx_word' id='word_1_485' title='bbox 1422 3186 1487 3243; x_wconf 60' lang='lat' dir='ltr'><strong>huic</strong></span> <span class='ocrx_word' id='word_1_486' title='bbox 1508 3185 1639 3257; x_wconf 63' lang='lat' dir='ltr'>dpgcjpulo</span> <span class='ocrx_word' id='word_1_487' title='bbox 1654 3186 1725 3257; x_wconf 75' lang='lat' dir='ltr'>quod</span> <span class='ocrx_word' id='word_1_488' title='bbox 1744 3200 1816 3258; x_wconf 66' lang='lat' dir='ltr'>opus</span> 
     </span>
     <span class='ocr_line' id='line_1_33' title="bbox 170 3244 1816 3348; baseline 0.021 -47"><span class='ocrx_word' id='word_1_489' title='bbox 170 3247 301 3302; x_wconf 71' lang='lat' dir='ltr'>dextram.</span> <span class='ocrx_word' id='word_1_490' title='bbox 323 3244 489 3300; x_wconf 83' lang='lat' dir='ltr'>Erstnnterrt</span> <span class='ocrx_word' id='word_1_491' title='bbox 503 3260 596 3299; x_wconf 76' lang='lat' dir='ltr'>nomeu</span> <span class='ocrx_word' id='word_1_492' title='bbox 609 3262 676 3300; x_wconf 84' lang='lat' dir='ltr'>seror</span> <span class='ocrx_word' id='word_1_493' title='bbox 690 3245 822 3300; x_wconf 78' lang='lat' dir='ltr'>Meteiras.</span> <span class='ocrx_word' id='word_1_494' title='bbox 845 3245 967 3304; x_wconf 85' lang='lat' dir='ltr'>llalelrtts</span> <span class='ocrx_word' id='word_1_495' title='bbox 1016 3285 1086 3342; x_wconf 47' lang='lat' dir='ltr'>em·</span> <span class='ocrx_word' id='word_1_496' title='bbox 1111 3283 1141 3332; x_wconf 65' lang='lat' dir='ltr'>m</span> <span class='ocrx_word' id='word_1_497' title='bbox 1165 3277 1220 3333; x_wconf 52' lang='lat' dir='ltr'>effic</span> <span class='ocrx_word' id='word_1_498' title='bbox 1240 3277 1323 3335; x_wconf 61' lang='lat' dir='ltr'>enam</span> <span class='ocrx_word' id='word_1_499' title='bbox 1346 3278 1432 3334; x_wconf 60' lang='lat' dir='ltr'>bem</span> <span class='ocrx_word' id='word_1_500' title='bbox 1454 3277 1546 3334; x_wconf 71' lang='lat' dir='ltr'>Mariae</span> <span class='ocrx_word' id='word_1_501' title='bbox 1564 3285 1694 3348; x_wconf 81' lang='lat' dir='ltr'>tanquam</span> <span class='ocrx_word' id='word_1_502' title='bbox 1717 3279 1816 3335; x_wconf 83' lang='lat' dir='ltr'>matris</span> 
     </span>
    </p>
   </div>
   <div class='ocr_carea' id='block_1_5' title="bbox 171 3334 969 3588">
    <p class='ocr_par' dir='ltr' id='par_1_6' title="bbox 171 3334 969 3588">
     <span class='ocr_line' id='line_1_34' title="bbox 172 3334 969 3408; baseline 0 -16"><span class='ocrx_word' id='word_1_503' title='bbox 172 3345 263 3393; x_wconf 87' lang='lat' dir='ltr'>antem</span> <span class='ocrx_word' id='word_1_504' title='bbox 277 3336 469 3406; x_wconf 90' lang='lat' dir='ltr'>interpretatur</span> <span class='ocrx_word' id='word_1_505' title='bbox 484 3341 652 3406; x_wconf 82' lang='lat' dir='ltr'>regnaturus.</span> <span class='ocrx_word' id='word_1_506' title='bbox 666 3334 735 3402; x_wconf 84' lang='lat' dir='ltr'>Quid</span> <span class='ocrx_word' id='word_1_507' title='bbox 754 3350 820 3406; x_wconf 77' lang='lat' dir='ltr'>ergo</span> <span class='ocrx_word' id='word_1_508' title='bbox 834 3336 907 3391; x_wconf 91' lang='lat' dir='ltr'>anris</span> <span class='ocrx_word' id='word_1_509' title='bbox 916 3351 969 3408; x_wconf 88' lang='lat' dir='ltr'>pro</span> 
     </span>
     <span class='ocr_line' id='line_1_35' title="bbox 171 3426 966 3498; baseline 0 -15"><span class='ocrx_word' id='word_1_510' title='bbox 171 3428 286 3483; x_wconf 87' lang='lat' dir='ltr'>Domino</span> <span class='ocrx_word' id='word_1_511' title='bbox 310 3434 448 3497; x_wconf 87' lang='lat' dir='ltr'>amputata</span> <span class='ocrx_word' id='word_1_512' title='bbox 474 3435 501 3481; x_wconf 92' lang='lat' dir='ltr'>et</span> <span class='ocrx_word' id='word_1_513' title='bbox 523 3442 539 3481; x_wconf 93' lang='lat' dir='ltr'>a</span> <span class='ocrx_word' id='word_1_514' title='bbox 559 3426 674 3481; x_wconf 82' lang='lat' dir='ltr'>Domino</span> <span class='ocrx_word' id='word_1_515' title='bbox 702 3437 798 3482; x_wconf 87' lang='lat' dir='ltr'>sauata</span> <span class='ocrx_word' id='word_1_516' title='bbox 820 3427 966 3498; x_wconf 76' lang='lat' dir='ltr'>significat,</span> 
     </span>
     <span class='ocr_line' id='line_1_36' title="bbox 172 3516 968 3588; baseline 0 -15"><span class='ocrx_word' id='word_1_517' title='bbox 172 3516 224 3574; x_wconf 88' lang='lat' dir='ltr'>nisi</span> <span class='ocrx_word' id='word_1_518' title='bbox 236 3519 356 3574; x_wconf 85' lang='lat' dir='ltr'>anditum</span> <span class='ocrx_word' id='word_1_519' title='bbox 372 3527 511 3588; x_wconf 89' lang='lat' dir='ltr'>amputata</span> <span class='ocrx_word' id='word_1_520' title='bbox 531 3526 665 3574; x_wconf 81' lang='lat' dir='ltr'>vetustate</span> <span class='ocrx_word' id='word_1_521' title='bbox 685 3519 866 3574; x_wconf 76' lang='lat' dir='ltr'>renovatum?</span> <span class='ocrx_word' id='word_1_522' title='bbox 881 3526 911 3574; x_wconf 92' lang='lat' dir='ltr'>ut</span> <span class='ocrx_word' id='word_1_523' title='bbox 933 3520 968 3575; x_wconf 90' lang='lat' dir='ltr'>sit</span> 
     </span>
    </p>
   </div>
   <div class='ocr_carea' id='block_1_6' title="bbox 1017 3368 1814 3533">
    <p class='ocr_par' dir='ltr' id='par_1_7' title="bbox 1017 3368 1814 3533">
     <span class='ocr_line' id='line_1_37' title="bbox 1017 3368 1814 3442; baseline -0.001 -17"><span class='ocrx_word' id='word_1_524' title='bbox 1017 3368 1075 3439; x_wconf 87' lang='lat' dir='ltr'>ejus</span> <span class='ocrx_word' id='word_1_525' title='bbox 1092 3370 1181 3441; x_wconf 90' lang='lat' dir='ltr'>portio</span> <span class='ocrx_word' id='word_1_526' title='bbox 1191 3379 1350 3442; x_wconf 86' lang='lat' dir='ltr'>poneretur,</span> <span class='ocrx_word' id='word_1_527' title='bbox 1362 3377 1390 3426; x_wconf 91' lang='lat' dir='ltr'>et</span> <span class='ocrx_word' id='word_1_528' title='bbox 1403 3370 1437 3425; x_wconf 90' lang='lat' dir='ltr'>ad</span> <span class='ocrx_word' id='word_1_529' title='bbox 1451 3368 1509 3438; x_wconf 78' lang='lat' dir='ltr'>eius</span> <span class='ocrx_word' id='word_1_530' title='bbox 1523 3383 1626 3435; x_wconf 85' lang='lat' dir='ltr'>euram,</span> <span class='ocrx_word' id='word_1_531' title='bbox 1642 3368 1774 3434; x_wconf 83' lang='lat' dir='ltr'>quidquid</span> <span class='ocrx_word' id='word_1_532' title='bbox 1788 3369 1814 3424; x_wconf 80' lang='lat' dir='ltr'>ei</span> 
     </span>
     <span class='ocr_line' id='line_1_38' title="bbox 1017 3461 1457 3533; baseline -0.002 -17"><span class='ocrx_word' id='word_1_533' title='bbox 1017 3469 1090 3517; x_wconf 90' lang='lat' dir='ltr'>esset</span> <span class='ocrx_word' id='word_1_534' title='bbox 1103 3461 1287 3519; x_wconf 86' lang='lat' dir='ltr'>necessarium</span> <span class='ocrx_word' id='word_1_535' title='bbox 1300 3462 1457 3533; x_wconf 86' lang='lat' dir='ltr'>pertineret.</span> 
     </span>
    </p>
   </div>
   <div class='ocr_carea' id='block_1_7' title="bbox 154 3593 1817 5771">
    <p class='ocr_par' dir='ltr' id='par_1_8' title="bbox 154 3593 1817 5771">
     <span class='ocr_line' id='line_1_39' title="bbox 172 3593 1815 3677; baseline -0.001 -14"><span class='ocrx_word' id='word_1_536' title='bbox 172 3608 200 3663; x_wconf 91' lang='lat' dir='ltr'>iu</span> <span class='ocrx_word' id='word_1_537' title='bbox 212 3609 333 3663; x_wconf 77' lang='lat' dir='ltr'>nouitate</span> <span class='ocrx_word' id='word_1_538' title='bbox 343 3608 464 3677; x_wconf 87' lang='lat' dir='ltr'>spiritus,</span> <span class='ocrx_word' id='word_1_539' title='bbox 480 3615 507 3662; x_wconf 90' lang='lat' dir='ltr'>et</span> <span class='ocrx_word' id='word_1_540' title='bbox 521 3622 574 3662; x_wconf 92' lang='lat' dir='ltr'>non</span> <span class='ocrx_word' id='word_1_541' title='bbox 588 3609 615 3662; x_wconf 92' lang='lat' dir='ltr'>in</span> <span class='ocrx_word' id='word_1_542' title='bbox 627 3615 762 3664; x_wconf 83' lang='lat' dir='ltr'>vetustate</span> <span class='ocrx_word' id='word_1_543' title='bbox 773 3609 878 3664; x_wconf 78' lang='lat' dir='ltr'>litterae.</span> <span class='ocrx_word' id='word_1_544' title='bbox 891 3609 968 3677; x_wconf 82' lang='lat' dir='ltr'>Quod</span> <span class='ocrx_word' id='word_1_545' title='bbox 1052 3593 1123 3662; x_wconf 69' lang='lat' dir='ltr'>Quid</span> <span class='ocrx_word' id='word_1_546' title='bbox 1145 3594 1197 3651; x_wconf 68' lang='lat' dir='ltr'>ilbi</span> <span class='ocrx_word' id='word_1_547' title='bbox 1216 3595 1277 3650; x_wconf 70' lang='lat' dir='ltr'>lull</span> <span class='ocrx_word' id='word_1_548' title='bbox 1296 3595 1364 3662; x_wconf 68' lang='lat'>¹¹⁰02</span> <span class='ocrx_word' id='word_1_549' title='bbox 1387 3594 1460 3666; x_wconf 93' lang='lat' dir='ltr'>quod</span> <span class='ocrx_word' id='word_1_550' title='bbox 1485 3603 1603 3660; x_wconf 59' lang='lat' dir='ltr'>actim,</span> <span class='ocrx_word' id='word_1_551' title='bbox 1624 3602 1696 3652; x_wconf 60' lang='lat' dir='ltr'>tibi</span> <span class='ocrx_word' id='word_1_552' title='bbox 1726 3593 1815 3653; x_wconf 70' lang='lat' dir='ltr'>lud-&#39;el</span> 
     </span>
     <span class='ocr_line' id='line_1_40' title="bbox 172 3686 1815 3770; baseline 0.005 -17"><span class='ocrx_word' id='word_1_553' title='bbox 172 3698 217 3753; x_wconf 92' lang='lat' dir='ltr'>cni</span> <span class='ocrx_word' id='word_1_554' title='bbox 231 3698 381 3767; x_wconf 73' lang='lat' dir='ltr'>prestitum</span> <span class='ocrx_word' id='word_1_555' title='bbox 394 3695 476 3751; x_wconf 86' lang='lat' dir='ltr'>luerit</span> <span class='ocrx_word' id='word_1_556' title='bbox 488 3712 504 3751; x_wconf 93' lang='lat' dir='ltr'>a</span> <span class='ocrx_word' id='word_1_557' title='bbox 518 3697 636 3764; x_wconf 86' lang='lat' dir='ltr'>Christo,</span> <span class='ocrx_word' id='word_1_558' title='bbox 651 3700 712 3768; x_wconf 90' lang='lat' dir='ltr'>quis</span> <span class='ocrx_word' id='word_1_559' title='bbox 725 3700 830 3756; x_wconf 91' lang='lat' dir='ltr'>dubitet</span> <span class='ocrx_word' id='word_1_560' title='bbox 842 3709 970 3770; x_wconf 76' lang='lat' dir='ltr'>regnatu-</span> <span class='ocrx_word' id='word_1_561' title='bbox 1017 3687 1116 3757; x_wconf 90' lang='lat' dir='ltr'>qnippe</span> <span class='ocrx_word' id='word_1_562' title='bbox 1136 3686 1187 3758; x_wconf 63' lang='lat' dir='ltr'>llil</span> <span class='ocrx_word' id='word_1_563' title='bbox 1206 3696 1285 3742; x_wconf 59' lang='lat'><strong>“³¹¹¹</strong></span> <span class='ocrx_word' id='word_1_564' title='bbox 1295 3694 1413 3754; x_wconf 54' lang='lat' dir='ltr'>“elimo</span> <span class='ocrx_word' id='word_1_565' title='bbox 1436 3687 1632 3759; x_wconf 55' lang='lat' dir='ltr'>‘stimme‘</span> <span class='ocrx_word' id='word_1_566' title='bbox 1650 3687 1742 3744; x_wconf 59' lang='grc' dir='ltr'>ΠΜ</span> <span class='ocrx_word' id='word_1_567' title='bbox 1765 3704 1815 3761; x_wconf 89' lang='lat' dir='ltr'>pa·</span> 
     </span>
     <span class='ocr_line' id='line_1_41' title="bbox 171 3778 1815 3854; baseline 0.008 -13"><span class='ocrx_word' id='word_1_568' title='bbox 171 3802 233 3842; x_wconf 90' lang='lat' dir='ltr'>rum</span> <span class='ocrx_word' id='word_1_569' title='bbox 249 3800 384 3841; x_wconf 85' lang='lat' dir='ltr'>esserum</span> <span class='ocrx_word' id='word_1_570' title='bbox 396 3785 524 3841; x_wconf 81' lang='lat' dir='ltr'>Christo?</span> <span class='ocrx_word' id='word_1_571' title='bbox 538 3786 614 3854; x_wconf 84' lang='lat' dir='ltr'>Quod</span> <span class='ocrx_word' id='word_1_572' title='bbox 629 3796 719 3843; x_wconf 88' lang='lat' dir='ltr'>autem</span> <span class='ocrx_word' id='word_1_573' title='bbox 735 3805 830 3845; x_wconf 80' lang='lat' dir='ltr'>servus</span> <span class='ocrx_word' id='word_1_574' title='bbox 844 3791 969 3847; x_wconf 83' lang='lat' dir='ltr'>inventus</span> <span class='ocrx_word' id='word_1_575' title='bbox 1018 3778 1202 3834; x_wconf 61' lang='lat' dir='ltr'>lilfflmflm</span> <span class='ocrx_word' id='word_1_576' title='bbox 1214 3787 1242 3835; x_wconf 62' lang='lat'>0³</span> <span class='ocrx_word' id='word_1_577' title='bbox 1255 3781 1459 3850; x_wconf 63' lang='lat' dir='ltr'>Willhfflffimr</span> <span class='ocrx_word' id='word_1_578' title='bbox 1482 3790 1511 3835; x_wconf 70' lang='lat'>0¹</span> <span class='ocrx_word' id='word_1_579' title='bbox 1530 3788 1658 3853; x_wconf 64' lang='lat' dir='ltr'>landum</span> <span class='ocrx_word' id='word_1_580' title='bbox 1678 3779 1713 3838; x_wconf 62' lang='lat' dir='ltr'>de</span> <span class='ocrx_word' id='word_1_581' title='bbox 1732 3782 1815 3853; x_wconf 65' lang='lat' dir='ltr'>illem)</span> 
     </span>
     <span class='ocr_line' id='line_1_42' title="bbox 173 3871 1815 3949; baseline 0.007 -18"><span class='ocrx_word' id='word_1_582' title='bbox 173 3885 224 3942; x_wconf 89' lang='lat' dir='ltr'>est,</span> <span class='ocrx_word' id='word_1_583' title='bbox 237 3885 265 3931; x_wconf 92' lang='lat' dir='ltr'>et</span> <span class='ocrx_word' id='word_1_584' title='bbox 279 3877 330 3931; x_wconf 88' lang='lat' dir='ltr'>boc</span> <span class='ocrx_word' id='word_1_585' title='bbox 343 3876 377 3930; x_wconf 88' lang='lat' dir='ltr'>ad</span> <span class='ocrx_word' id='word_1_586' title='bbox 392 3876 464 3929; x_wconf 88' lang='lat' dir='ltr'>illurn</span> <span class='ocrx_word' id='word_1_587' title='bbox 476 3877 594 3947; x_wconf 89' lang='lat' dir='ltr'>pertinet</span> <span class='ocrx_word' id='word_1_588' title='bbox 605 3886 781 3943; x_wconf 81' lang='lat' dir='ltr'>uetustatem,</span> <span class='ocrx_word' id='word_1_589' title='bbox 793 3894 853 3949; x_wconf 82' lang='lat' dir='ltr'>quae</span> <span class='ocrx_word' id='word_1_590' title='bbox 870 3882 897 3936; x_wconf 87' lang='lat' dir='ltr'>irr</span> <span class='ocrx_word' id='word_1_591' title='bbox 911 3896 969 3937; x_wconf 88' lang='lat' dir='ltr'>ser-</span> <span class='ocrx_word' id='word_1_592' title='bbox 1017 3885 1083 3926; x_wconf 64' lang='lat' dir='ltr'><em>W</em></span> <span class='ocrx_word' id='word_1_593' title='bbox 1095 3871 1129 3926; x_wconf 72' lang='lat'>‘¹0</span> <span class='ocrx_word' id='word_1_594' title='bbox 1145 3871 1290 3940; x_wconf 56' lang='lat' dir='ltr'>illium</span> <span class='ocrx_word' id='word_1_595' title='bbox 1304 3873 1396 3927; x_wconf 66' lang='lat' dir='ltr'>mundi</span> <span class='ocrx_word' id='word_1_596' title='bbox 1411 3871 1491 3941; x_wconf 70' lang='lat' dir='ltr'>hujus</span> <span class='ocrx_word' id='word_1_597' title='bbox 1502 3873 1642 3944; x_wconf 87' lang='lat' dir='ltr'>impletum</span> <span class='ocrx_word' id='word_1_598' title='bbox 1654 3888 1703 3930; x_wconf 63' lang='lat'>⁰⁰?</span> <span class='ocrx_word' id='word_1_599' title='bbox 1713 3874 1815 3931; x_wconf 85' lang='lat' dir='ltr'>baben-</span> 
     </span>
     <span class='ocr_line' id='line_1_43' title="bbox 174 3962 1816 4038; baseline 0.007 -18"><span class='ocrx_word' id='word_1_600' title='bbox 174 3969 285 4021; x_wconf 85' lang='lat' dir='ltr'>ritntem</span> <span class='ocrx_word' id='word_1_601' title='bbox 300 3974 423 4037; x_wconf 79' lang='lat' dir='ltr'>generat,</span> <span class='ocrx_word' id='word_1_602' title='bbox 437 3976 552 4036; x_wconf 77' lang='lat' dir='ltr'>quaest</span> <span class='ocrx_word' id='word_1_603' title='bbox 568 3967 658 4033; x_wconf 75' lang='lat' dir='ltr'>Aqar,</span> <span class='ocrx_word' id='word_1_604' title='bbox 680 3969 727 4024; x_wconf 90' lang='lat' dir='ltr'>sed</span> <span class='ocrx_word' id='word_1_605' title='bbox 740 3984 802 4024; x_wconf 87' lang='lat' dir='ltr'>eum</span> <span class='ocrx_word' id='word_1_606' title='bbox 822 3973 970 4027; x_wconf 86' lang='lat' dir='ltr'>accesserit</span> <span class='ocrx_word' id='word_1_607' title='bbox 1018 3967 1070 4025; x_wconf 66' lang='lat'>¹⁸⁸·</span> <span class='ocrx_word' id='word_1_608' title='bbox 1090 3962 1168 4031; x_wconf 90' lang='lat' dir='ltr'>quasi</span> <span class='ocrx_word' id='word_1_609' title='bbox 1189 3964 1301 4035; x_wconf 77' lang='lat' dir='ltr'>spongia</span> <span class='ocrx_word' id='word_1_610' title='bbox 1326 3965 1483 4020; x_wconf 65' lang='lat' dir='ltr'>Cllfflwsls</span> <span class='ocrx_word' id='word_1_611' title='bbox 1501 3965 1709 4035; x_wconf 63' lang='lat' dir='ltr'>dbidbmmdi),</span> <span class='ocrx_word' id='word_1_612' title='bbox 1731 3977 1816 4038; x_wconf 59' lang='lat' dir='ltr'>sitiit</span> 
     </span>
     <span class='ocr_line' id='line_1_44' title="bbox 173 4055 1815 4130; baseline 0.002 -18"><span class='ocrx_word' id='word_1_613' title='bbox 173 4057 274 4112; x_wconf 83' lang='lat' dir='ltr'>sanitas</span> <span class='ocrx_word' id='word_1_614' title='bbox 292 4057 406 4127; x_wconf 82' lang='lat' dir='ltr'>ligurata</span> <span class='ocrx_word' id='word_1_615' title='bbox 418 4064 459 4112; x_wconf 92' lang='lat' dir='ltr'>est</span> <span class='ocrx_word' id='word_1_616' title='bbox 474 4067 501 4112; x_wconf 90' lang='lat' dir='ltr'>et</span> <span class='ocrx_word' id='word_1_617' title='bbox 512 4058 634 4114; x_wconf 89' lang='lat' dir='ltr'>libertas.</span> <span class='ocrx_word' id='word_1_618' title='bbox 1020 4056 1149 4112; x_wconf 86' lang='lat' dir='ltr'>tortuosis</span> <span class='ocrx_word' id='word_1_619' title='bbox 1162 4055 1282 4114; x_wconf 86' lang='lat' dir='ltr'>latibulis</span> <span class='ocrx_word' id='word_1_620' title='bbox 1294 4056 1651 4130; x_wconf 80' lang='lat' dir='ltr'>fraudulentumliyssopus</span> <span class='ocrx_word' id='word_1_621' title='bbox 1663 4068 1756 4117; x_wconf 79' lang='lat' dir='ltr'>autern</span> <span class='ocrx_word' id='word_1_622' title='bbox 1770 4062 1815 4116; x_wconf 87' lang='lat' dir='ltr'>cui</span> 
     </span>
     <span class='ocr_line' id='line_1_45' title="bbox 208 4148 1816 4224; baseline 0.005 -21"><span class='ocrx_word' id='word_1_623' title='bbox 208 4149 277 4217; x_wconf 82' lang='lat' dir='ltr'>Quid</span> <span class='ocrx_word' id='word_1_624' title='bbox 292 4159 332 4204; x_wconf 92' lang='lat' dir='ltr'>est</span> <span class='ocrx_word' id='word_1_625' title='bbox 347 4150 419 4219; x_wconf 88' lang='lat' dir='ltr'>quod</span> <span class='ocrx_word' id='word_1_626' title='bbox 441 4150 479 4204; x_wconf 93' lang='lat' dir='ltr'>ait</span> <span class='ocrx_word' id='word_1_627' title='bbox 498 4149 597 4206; x_wconf 81' lang='lat' dir='ltr'>iesus:</span> <span class='ocrx_word' id='word_1_628' title='bbox 615 4150 732 4223; x_wconf 77' lang='lat' dir='ltr'>Reanrm</span> <span class='ocrx_word' id='word_1_629' title='bbox 750 4168 838 4207; x_wconf 86' lang='lat' dir='ltr'>meunt</span> <span class='ocrx_word' id='word_1_630' title='bbox 858 4168 913 4208; x_wconf 79' lang='lat' dir='ltr'>nort</span> <span class='ocrx_word' id='word_1_631' title='bbox 930 4163 970 4210; x_wconf 81' lang='lat' dir='ltr'>eat</span> <span class='ocrx_word' id='word_1_632' title='bbox 1018 4148 1271 4219; x_wconf 74' lang='lat' dir='ltr'>circumposuerunt</span> <span class='ocrx_word' id='word_1_633' title='bbox 1292 4151 1431 4222; x_wconf 79' lang='lat' dir='ltr'>spongiam</span> <span class='ocrx_word' id='word_1_634' title='bbox 1446 4161 1526 4207; x_wconf 88' lang='lat' dir='ltr'>aceto</span> <span class='ocrx_word' id='word_1_635' title='bbox 1546 4153 1665 4222; x_wconf 87' lang='lat' dir='ltr'>plenam,</span> <span class='ocrx_word' id='word_1_636' title='bbox 1684 4155 1816 4224; x_wconf 80' lang='lat' dir='ltr'>quoniam</span> 
     </span>
     <span class='ocr_line' id='line_1_46' title="bbox 171 4240 1815 4317; baseline 0.003 -21"><span class='ocrx_word' id='word_1_637' title='bbox 171 4241 205 4296; x_wconf 77' lang='lat' dir='ltr'>de</span> <span class='ocrx_word' id='word_1_638' title='bbox 220 4242 270 4296; x_wconf 80' lang='lat' dir='ltr'>ime</span> <span class='ocrx_word' id='word_1_639' title='bbox 289 4241 409 4296; x_wconf 76' lang='lat' dir='ltr'>mundo?</span> <span class='ocrx_word' id='word_1_640' title='bbox 423 4241 471 4296; x_wconf 89' lang='lat' dir='ltr'>iiie</span> <span class='ocrx_word' id='word_1_641' title='bbox 494 4250 536 4298; x_wconf 88' lang='lat' dir='ltr'>est</span> <span class='ocrx_word' id='word_1_642' title='bbox 549 4242 622 4299; x_wconf 91' lang='lat' dir='ltr'>eninr</span> <span class='ocrx_word' id='word_1_643' title='bbox 637 4260 749 4315; x_wconf 73' lang='lat' dir='ltr'>regnum</span> <span class='ocrx_word' id='word_1_644' title='bbox 762 4245 823 4316; x_wconf 75' lang='lat' dir='ltr'>elus</span> <span class='ocrx_word' id='word_1_645' title='bbox 838 4260 924 4317; x_wconf 92' lang='lat' dir='ltr'>usque</span> <span class='ocrx_word' id='word_1_646' title='bbox 941 4246 969 4302; x_wconf 93' lang='lat' dir='ltr'>in</span> <span class='ocrx_word' id='word_1_647' title='bbox 1018 4240 1102 4296; x_wconf 76' lang='lat' dir='ltr'>herba</span> <span class='ocrx_word' id='word_1_648' title='bbox 1117 4248 1159 4296; x_wconf 76' lang='lat' dir='ltr'>eti</span> <span class='ocrx_word' id='word_1_649' title='bbox 1173 4241 1293 4308; x_wconf 78' lang='lat' dir='ltr'>humilis,</span> <span class='ocrx_word' id='word_1_650' title='bbox 1309 4244 1356 4297; x_wconf 88' lang='lat' dir='ltr'>sed</span> <span class='ocrx_word' id='word_1_651' title='bbox 1370 4253 1465 4312; x_wconf 77' lang='lat' dir='ltr'>pectre</span> <span class='ocrx_word' id='word_1_652' title='bbox 1485 4251 1592 4315; x_wconf 67' lang='lat' dir='ltr'>purgat,</span> <span class='ocrx_word' id='word_1_653' title='bbox 1608 4244 1694 4315; x_wconf 88' lang='lat' dir='ltr'>ipsius</span> <span class='ocrx_word' id='word_1_654' title='bbox 1712 4245 1815 4301; x_wconf 80' lang='lat' dir='ltr'>Christi</span> 
     </span>
     <span class='ocr_line' id='line_1_47' title="bbox 173 4330 1816 4409; baseline 0.009 -23"><span class='ocrx_word' id='word_1_655' title='bbox 173 4337 253 4387; x_wconf 84' lang='lat' dir='ltr'>tinem</span> <span class='ocrx_word' id='word_1_656' title='bbox 263 4332 364 4397; x_wconf 76' lang='lat' dir='ltr'>seculi,</span> <span class='ocrx_word' id='word_1_657' title='bbox 375 4333 422 4388; x_wconf 87' lang='lat' dir='ltr'>sed</span> <span class='ocrx_word' id='word_1_658' title='bbox 433 4341 523 4388; x_wconf 91' lang='lat' dir='ltr'>tanreu</span> <span class='ocrx_word' id='word_1_659' title='bbox 535 4350 587 4389; x_wconf 91' lang='lat' dir='ltr'>non</span> <span class='ocrx_word' id='word_1_660' title='bbox 602 4344 643 4389; x_wconf 88' lang='lat' dir='ltr'>est</span> <span class='ocrx_word' id='word_1_661' title='bbox 655 4336 728 4401; x_wconf 89' lang='lat' dir='ltr'>bine,</span> <span class='ocrx_word' id='word_1_662' title='bbox 738 4337 801 4406; x_wconf 90' lang='lat' dir='ltr'>quia</span> <span class='ocrx_word' id='word_1_663' title='bbox 813 4338 971 4409; x_wconf 82' lang='lat' dir='ltr'>peregrina·</span> <span class='ocrx_word' id='word_1_664' title='bbox 1019 4330 1199 4387; x_wconf 63' lang='lat' dir='ltr'>humilililiffl</span> <span class='ocrx_word' id='word_1_665' title='bbox 1220 4331 1368 4402; x_wconf 71' lang='lat' dir='ltr'>signifieat,</span> <span class='ocrx_word' id='word_1_666' title='bbox 1382 4347 1463 4401; x_wconf 74' lang='lat' dir='ltr'>(iuam</span> <span class='ocrx_word' id='word_1_667' title='bbox 1480 4333 1723 4393; x_wconf 87' lang='lat' dir='ltr'>circumdederunt</span> <span class='ocrx_word' id='word_1_668' title='bbox 1736 4343 1765 4390; x_wconf 65' lang='lat'>⁶²</span> <span class='ocrx_word' id='word_1_669' title='bbox 1785 4350 1816 4390; x_wconf 64' lang='grc' dir='ltr'>ὅθ</span> 
     </span>
     <span class='ocr_line' id='line_1_48' title="bbox 172 4420 1815 4495; baseline 0.008 -19"><span class='ocrx_word' id='word_1_670' title='bbox 172 4431 218 4488; x_wconf 80' lang='lat' dir='ltr'>tur</span> <span class='ocrx_word' id='word_1_671' title='bbox 227 4421 372 4479; x_wconf 88' lang='lat' dir='ltr'>inmundo.</span> <span class='ocrx_word' id='word_1_672' title='bbox 386 4421 480 4492; x_wconf 72' lang='lat' dir='ltr'>Regno</span> <span class='ocrx_word' id='word_1_673' title='bbox 493 4439 542 4478; x_wconf 90' lang='lat' dir='ltr'>sno</span> <span class='ocrx_word' id='word_1_674' title='bbox 555 4425 654 4494; x_wconf 88' lang='lat' dir='ltr'>quippe</span> <span class='ocrx_word' id='word_1_675' title='bbox 666 4425 747 4481; x_wconf 83' lang='lat' dir='ltr'>dixit:</span> <span class='ocrx_word' id='word_1_676' title='bbox 759 4427 793 4482; x_wconf 93' lang='lat' dir='ltr'>dc</span> <span class='ocrx_word' id='word_1_677' title='bbox 807 4428 966 4483; x_wconf 91' lang='lat' dir='ltr'>mundonon</span> <span class='ocrx_word' id='word_1_678' title='bbox 1019 4420 1228 4478; x_wconf 60' lang='lat' dir='ltr'>circumvenitis</span> <span class='ocrx_word' id='word_1_679' title='bbox 1250 4428 1422 4491; x_wconf 55' lang='lat' dir='ltr'>putaverunt</span> <span class='ocrx_word' id='word_1_680' title='bbox 1438 4421 1515 4478; x_wconf 70' lang='lat' dir='ltr'>Unde</span> <span class='ocrx_word' id='word_1_681' title='bbox 1537 4424 1667 4495; x_wconf 69' lang='lat' dir='ltr'>scriplum</span> <span class='ocrx_word' id='word_1_682' title='bbox 1680 4433 1723 4488; x_wconf 65' lang='lat' dir='ltr'>til</span> <span class='ocrx_word' id='word_1_683' title='bbox 1739 4442 1752 4488; x_wconf 76' lang='lat'>3.</span> <span class='ocrx_word' id='word_1_684' title='bbox 1763 4427 1815 4492; x_wconf 76' lang='lat' dir='ltr'>ris·</span> 
     </span>
     <span class='ocr_line' id='line_1_49' title="bbox 171 4512 1815 4587; baseline 0.005 -20"><span class='ocrx_word' id='word_1_685' title='bbox 171 4513 250 4576; x_wconf 84' lang='lat' dir='ltr'>estis,</span> <span class='ocrx_word' id='word_1_686' title='bbox 271 4513 318 4567; x_wconf 81' lang='lat' dir='ltr'>sed</span> <span class='ocrx_word' id='word_1_687' title='bbox 333 4528 384 4583; x_wconf 70' lang='lat' dir='ltr'>ego</span> <span class='ocrx_word' id='word_1_688' title='bbox 403 4512 437 4566; x_wconf 88' lang='lat' dir='ltr'>de</span> <span class='ocrx_word' id='word_1_689' title='bbox 457 4514 556 4567; x_wconf 89' lang='lat' dir='ltr'>mundo</span> <span class='ocrx_word' id='word_1_690' title='bbox 575 4529 623 4568; x_wconf 88' lang='lat' dir='ltr'>tros</span> <span class='ocrx_word' id='word_1_691' title='bbox 636 4514 715 4585; x_wconf 74' lang='lat' dir='ltr'>elegi.</span> <span class='ocrx_word' id='word_1_692' title='bbox 740 4515 825 4570; x_wconf 78' lang='lat' dir='ltr'>Erant</span> <span class='ocrx_word' id='word_1_693' title='bbox 846 4531 911 4587; x_wconf 78' lang='lat' dir='ltr'>ergo</span> <span class='ocrx_word' id='word_1_694' title='bbox 934 4518 969 4574; x_wconf 91' lang='lat' dir='ltr'>de</span> <span class='ocrx_word' id='word_1_695' title='bbox 1018 4526 1108 4581; x_wconf 63' lang='lat' dir='ltr'>petum</span> <span class='ocrx_word' id='word_1_696' title='bbox 1119 4527 1160 4566; x_wconf 65' lang='lat' dir='ltr'>mc</span> <span class='ocrx_word' id='word_1_697' title='bbox 1169 4512 1291 4583; x_wconf 65' lang='lat' dir='ltr'>littorio,</span> <span class='ocrx_word' id='word_1_698' title='bbox 1305 4522 1329 4566; x_wconf 69' lang='lat' dir='ltr'>tl</span> <span class='ocrx_word' id='word_1_699' title='bbox 1340 4512 1498 4580; x_wconf 65' lang='lat' dir='ltr'>medebor,</span> <span class='ocrx_word' id='word_1_700' title='bbox 1517 4512 1618 4570; x_wconf 76' lang='lat' dir='ltr'>Christi</span> <span class='ocrx_word' id='word_1_701' title='bbox 1632 4530 1751 4586; x_wconf 64' lang='lat' dir='ltr'>nmque</span> <span class='ocrx_word' id='word_1_702' title='bbox 1765 4517 1815 4575; x_wconf 87' lang='lat' dir='ltr'>hu·</span> 
     </span>
     <span class='ocr_line' id='line_1_50' title="bbox 171 4601 1817 4679; baseline 0.006 -24"><span class='ocrx_word' id='word_1_703' title='bbox 171 4604 289 4668; x_wconf 84' lang='lat' dir='ltr'>mundo,</span> <span class='ocrx_word' id='word_1_704' title='bbox 313 4603 421 4673; x_wconf 90' lang='lat' dir='ltr'>quando</span> <span class='ocrx_word' id='word_1_705' title='bbox 450 4617 562 4672; x_wconf 82' lang='lat' dir='ltr'>regnum</span> <span class='ocrx_word' id='word_1_706' title='bbox 583 4602 642 4671; x_wconf 86' lang='lat' dir='ltr'>ejus</span> <span class='ocrx_word' id='word_1_707' title='bbox 666 4619 721 4661; x_wconf 93' lang='lat' dir='ltr'>rrou</span> <span class='ocrx_word' id='word_1_708' title='bbox 745 4614 836 4671; x_wconf 84' lang='lat' dir='ltr'>erant,</span> <span class='ocrx_word' id='word_1_709' title='bbox 860 4609 908 4665; x_wconf 75' lang='lat' dir='ltr'>aed</span> <span class='ocrx_word' id='word_1_710' title='bbox 933 4607 968 4663; x_wconf 79' lang='lat' dir='ltr'>ad</span> <span class='ocrx_word' id='word_1_711' title='bbox 1020 4601 1133 4658; x_wconf 76' lang='lat' dir='ltr'>militate</span> <span class='ocrx_word' id='word_1_712' title='bbox 1153 4604 1325 4661; x_wconf 85' lang='lat' dir='ltr'>mundamur.</span> <span class='ocrx_word' id='word_1_713' title='bbox 1346 4604 1398 4661; x_wconf 86' lang='lat' dir='ltr'>Per</span> <span class='ocrx_word' id='word_1_714' title='bbox 1416 4605 1652 4663; x_wconf 88' lang='lat' dir='ltr'>arundirremrero</span> <span class='ocrx_word' id='word_1_715' title='bbox 1666 4606 1817 4679; x_wconf 79' lang='lat' dir='ltr'>Scripturas</span> 
     </span>
     <span class='ocr_line' id='line_1_51' title="bbox 172 4691 1815 4768; baseline 0.004 -21"><span class='ocrx_word' id='word_1_716' title='bbox 172 4693 266 4749; x_wconf 90' lang='lat' dir='ltr'>nrurrdi</span> <span class='ocrx_word' id='word_1_717' title='bbox 282 4692 431 4763; x_wconf 88' lang='lat' dir='ltr'>principem</span> <span class='ocrx_word' id='word_1_718' title='bbox 454 4693 633 4761; x_wconf 89' lang='lat' dir='ltr'>pertinebant.</span> <span class='ocrx_word' id='word_1_719' title='bbox 658 4691 712 4749; x_wconf 89' lang='lat' dir='ltr'>Sed</span> <span class='ocrx_word' id='word_1_720' title='bbox 733 4694 805 4750; x_wconf 82' lang='lat' dir='ltr'>pens</span> <span class='ocrx_word' id='word_1_721' title='bbox 829 4711 878 4752; x_wconf 90' lang='lat' dir='ltr'>uos</span> <span class='ocrx_word' id='word_1_722' title='bbox 899 4698 971 4753; x_wconf 91' lang='lat' dir='ltr'>eruit</span> <span class='ocrx_word' id='word_1_723' title='bbox 1020 4691 1243 4764; x_wconf 73' lang='lat' dir='ltr'>significabantur</span> <span class='ocrx_word' id='word_1_724' title='bbox 1269 4713 1329 4767; x_wconf 73' lang='lat' dir='ltr'>quae</span> <span class='ocrx_word' id='word_1_725' title='bbox 1355 4697 1535 4768; x_wconf 75' lang='lat' dir='ltr'>implebantur</span> <span class='ocrx_word' id='word_1_726' title='bbox 1565 4697 1618 4753; x_wconf 89' lang='lat' dir='ltr'>lroe</span> <span class='ocrx_word' id='word_1_727' title='bbox 1642 4696 1726 4753; x_wconf 83' lang='lat' dir='ltr'>iacto.</span> <span class='ocrx_word' id='word_1_728' title='bbox 1747 4698 1815 4755; x_wconf 89' lang='lat' dir='ltr'>Cum</span> 
     </span>
     <span class='ocr_line' id='line_1_52' title="bbox 172 4783 1815 4858; baseline 0.002 -19"><span class='ocrx_word' id='word_1_729' title='bbox 172 4785 207 4839; x_wconf 88' lang='lat' dir='ltr'>rie</span> <span class='ocrx_word' id='word_1_730' title='bbox 228 4791 361 4852; x_wconf 86' lang='lat' dir='ltr'>potestate</span> <span class='ocrx_word' id='word_1_731' title='bbox 385 4783 567 4849; x_wconf 88' lang='lat' dir='ltr'>tenebramm,</span> <span class='ocrx_word' id='word_1_732' title='bbox 591 4791 619 4838; x_wconf 94' lang='lat' dir='ltr'>ct</span> <span class='ocrx_word' id='word_1_733' title='bbox 641 4783 780 4840; x_wconf 87' lang='lat' dir='ltr'>transtulit</span> <span class='ocrx_word' id='word_1_734' title='bbox 801 4784 829 4841; x_wconf 91' lang='lat' dir='ltr'>iu</span> <span class='ocrx_word' id='word_1_735' title='bbox 854 4802 968 4858; x_wconf 78' lang='lat' dir='ltr'>regnum</span> <span class='ocrx_word' id='word_1_736' title='bbox 1020 4797 1084 4855; x_wconf 80' lang='lat' dir='ltr'>ergo</span> <span class='ocrx_word' id='word_1_737' title='bbox 1096 4786 1245 4855; x_wconf 88' lang='lat' dir='ltr'>accepisset</span> <span class='ocrx_word' id='word_1_738' title='bbox 1266 4784 1346 4843; x_wconf 84' lang='lat' dir='ltr'>iesus</span> <span class='ocrx_word' id='word_1_739' title='bbox 1365 4795 1483 4852; x_wconf 84' lang='lat' dir='ltr'>acetum,</span> <span class='ocrx_word' id='word_1_740' title='bbox 1498 4785 1815 4842; x_wconf 75' lang='lat' dir='ltr'>diritzconrrrmntutuut</span> 
     </span>
     <span class='ocr_line' id='line_1_53' title="bbox 173 4872 1816 4948; baseline 0.001 -18"><span class='ocrx_word' id='word_1_741' title='bbox 173 4877 235 4941; x_wconf 74' lang='lat' dir='ltr'>Filii</span> <span class='ocrx_word' id='word_1_742' title='bbox 249 4876 733 4948; x_wconf 79' lang='lat' dir='ltr'>claritatissuae,dequoreguodieit:</span> <span class='ocrx_word' id='word_1_743' title='bbox 749 4876 867 4948; x_wconf 70' lang='lat' dir='ltr'>drauum</span> <span class='ocrx_word' id='word_1_744' title='bbox 881 4895 969 4934; x_wconf 84' lang='lat' dir='ltr'>meum</span> <span class='ocrx_word' id='word_1_745' title='bbox 1020 4872 1150 4941; x_wconf 71' lang='lat' dir='ltr'>ertouid</span> <span class='ocrx_word' id='word_1_746' title='bbox 1168 4876 1219 4931; x_wconf 91' lang='lat' dir='ltr'>nisi</span> <span class='ocrx_word' id='word_1_747' title='bbox 1242 4878 1314 4948; x_wconf 92' lang='lat' dir='ltr'>qnod</span> <span class='ocrx_word' id='word_1_748' title='bbox 1331 4876 1472 4947; x_wconf 86' lang='lat' dir='ltr'>prophetia</span> <span class='ocrx_word' id='word_1_749' title='bbox 1496 4884 1571 4932; x_wconf 90' lang='lat' dir='ltr'>tanto</span> <span class='ocrx_word' id='word_1_750' title='bbox 1593 4885 1715 4947; x_wconf 89' lang='lat' dir='ltr'>ternpore</span> <span class='ocrx_word' id='word_1_751' title='bbox 1735 4885 1816 4933; x_wconf 85' lang='lat' dir='ltr'>antea</span> 
     </span>
     <span class='ocr_line' id='line_1_54' title="bbox 154 4954 1815 5040; baseline 0.002 -19"><span class='ocrx_word' id='word_1_752' title='bbox 154 4954 157 4959; x_wconf 66' lang='grc'><strong>’</strong></span> <span class='ocrx_word' id='word_1_753' title='bbox 173 4983 227 5026; x_wconf 74' lang='lat' dir='ltr'>sorr</span> <span class='ocrx_word' id='word_1_754' title='bbox 239 4975 277 5020; x_wconf 79' lang='lat' dir='ltr'>ert</span> <span class='ocrx_word' id='word_1_755' title='bbox 287 4967 320 5020; x_wconf 82' lang='lat' dir='ltr'>de</span> <span class='ocrx_word' id='word_1_756' title='bbox 334 4965 383 5020; x_wconf 80' lang='lat' dir='ltr'>lroe</span> <span class='ocrx_word' id='word_1_757' title='bbox 396 4966 504 5021; x_wconf 86' lang='lat' dir='ltr'>mundo.</span> <span class='ocrx_word' id='word_1_758' title='bbox 1017 4966 1195 5034; x_wconf 78' lang='lat' dir='ltr'>praedixerat?</span> <span class='ocrx_word' id='word_1_759' title='bbox 1204 4984 1268 5025; x_wconf 88' lang='lat' dir='ltr'>nam</span> <span class='ocrx_word' id='word_1_760' title='bbox 1280 4978 1359 5025; x_wconf 88' lang='lat' dir='ltr'>antea</span> <span class='ocrx_word' id='word_1_761' title='bbox 1381 4968 1425 5026; x_wconf 91' lang='lat' dir='ltr'>ille</span> <span class='ocrx_word' id='word_1_762' title='bbox 1439 4969 1565 5026; x_wconf 79' lang='lat' dir='ltr'>dixerat:</span> <span class='ocrx_word' id='word_1_763' title='bbox 1579 4966 1657 5024; x_wconf 87' lang='lat' dir='ltr'>Sitio.</span> <span class='ocrx_word' id='word_1_764' title='bbox 1673 4968 1815 5040; x_wconf 81' lang='lat' dir='ltr'>Tanquam</span> 
     </span>
     <span class='ocr_line' id='line_1_55' title="bbox 209 5055 1814 5134; baseline 0.004 -24"><span class='ocrx_word' id='word_1_765' title='bbox 209 5057 279 5124; x_wconf 73' lang='lat' dir='ltr'>Quid</span> <span class='ocrx_word' id='word_1_766' title='bbox 292 5065 335 5111; x_wconf 89' lang='lat' dir='ltr'>est</span> <span class='ocrx_word' id='word_1_767' title='bbox 347 5071 413 5126; x_wconf 78' lang='lat' dir='ltr'>ergo</span> <span class='ocrx_word' id='word_1_768' title='bbox 426 5058 498 5126; x_wconf 90' lang='lat' dir='ltr'>quod</span> <span class='ocrx_word' id='word_1_769' title='bbox 512 5057 617 5114; x_wconf 79' lang='lat' dir='ltr'>Marcus</span> <span class='ocrx_word' id='word_1_770' title='bbox 630 5060 794 5131; x_wconf 78' lang='lat' dir='ltr'>evangelista</span> <span class='ocrx_word' id='word_1_771' title='bbox 814 5061 880 5117; x_wconf 88' lang='lat' dir='ltr'>dicit</span> <span class='ocrx_word' id='word_1_772' title='bbox 893 5079 900 5116; x_wconf 75' lang='grc' dir='ltr'>ε</span> <span class='ocrx_word' id='word_1_773' title='bbox 914 5061 968 5134; x_wconf 80' lang='lat' dir='ltr'>ilo-</span> <span class='ocrx_word' id='word_1_774' title='bbox 1017 5055 1120 5114; x_wconf 86' lang='lat' dir='ltr'>diceret</span> <span class='ocrx_word' id='word_1_775' title='bbox 1133 5077 1139 5113; x_wconf 81' lang='lat' dir='ltr'><strong><em>z</em></strong></span> <span class='ocrx_word' id='word_1_776' title='bbox 1153 5057 1209 5116; x_wconf 86' lang='lat' dir='ltr'>line</span> <span class='ocrx_word' id='word_1_777' title='bbox 1221 5062 1310 5117; x_wconf 92' lang='lat' dir='ltr'>minus</span> <span class='ocrx_word' id='word_1_778' title='bbox 1325 5060 1437 5125; x_wconf 84' lang='lat' dir='ltr'>lecistis,</span> <span class='ocrx_word' id='word_1_779' title='bbox 1453 5062 1515 5117; x_wconf 87' lang='lat' dir='ltr'>date</span> <span class='ocrx_word' id='word_1_780' title='bbox 1535 5061 1609 5132; x_wconf 91' lang='lat' dir='ltr'>quod</span> <span class='ocrx_word' id='word_1_781' title='bbox 1627 5062 1706 5126; x_wconf 85' lang='lat' dir='ltr'>estis,</span> <span class='ocrx_word' id='word_1_782' title='bbox 1723 5071 1752 5117; x_wconf 86' lang='lat' dir='ltr'>et</span> <span class='ocrx_word' id='word_1_783' title='bbox 1764 5061 1814 5117; x_wconf 88' lang='lat' dir='ltr'>im·</span> 
     </span>
     <span class='ocr_line' id='line_1_56' title="bbox 173 5147 1812 5224; baseline 0.003 -22"><span class='ocrx_word' id='word_1_784' title='bbox 173 5149 274 5213; x_wconf 74' lang='lat' dir='ltr'>minum</span> <span class='ocrx_word' id='word_1_785' title='bbox 287 5147 443 5216; x_wconf 70' lang='lat' dir='ltr'>crucifixum</span> <span class='ocrx_word' id='word_1_786' title='bbox 462 5148 527 5201; x_wconf 80' lang='lat' dir='ltr'>iore</span> <span class='ocrx_word' id='word_1_787' title='bbox 546 5150 633 5215; x_wconf 84' lang='lat' dir='ltr'>tertie,</span> <span class='ocrx_word' id='word_1_788' title='bbox 655 5150 773 5207; x_wconf 75' lang='lat' dir='ltr'>ioannes</span> <span class='ocrx_word' id='word_1_789' title='bbox 792 5163 879 5208; x_wconf 74' lang='lat' dir='ltr'>smera</span> <span class='ocrx_word' id='word_1_790' title='bbox 891 5155 967 5224; x_wconf 79' lang='lat' dir='ltr'>quasi</span> <span class='ocrx_word' id='word_1_791' title='bbox 1017 5149 1120 5220; x_wconf 87' lang='lat' dir='ltr'>pletum</span> <span class='ocrx_word' id='word_1_792' title='bbox 1132 5160 1174 5207; x_wconf 88' lang='lat' dir='ltr'>est</span> <span class='ocrx_word' id='word_1_793' title='bbox 1186 5170 1193 5207; x_wconf 93' lang='lat'>:</span> <span class='ocrx_word' id='word_1_794' title='bbox 1205 5151 1239 5207; x_wconf 85' lang='lat' dir='ltr'>lu</span> <span class='ocrx_word' id='word_1_795' title='bbox 1258 5153 1303 5207; x_wconf 83' lang='lat' dir='ltr'>riti</span> <span class='ocrx_word' id='word_1_796' title='bbox 1322 5170 1379 5208; x_wconf 84' lang='lat' dir='ltr'>mee</span> <span class='ocrx_word' id='word_1_797' title='bbox 1396 5161 1549 5224; x_wconf 81' lang='lat' dir='ltr'>pernoctarat</span> <span class='ocrx_word' id='word_1_798' title='bbox 1570 5168 1611 5208; x_wconf 83' lang='lat' dir='ltr'>aare</span> <span class='ocrx_word' id='word_1_799' title='bbox 1625 5161 1699 5207; x_wconf 85' lang='lat' dir='ltr'>aceto</span> <span class='ocrx_word' id='word_1_800' title='bbox 1724 5148 1812 5222; x_wconf 77' lang='lat' dir='ltr'>(Paul.</span> 
     </span>
     <span class='ocr_line' id='line_1_57' title="bbox 173 5237 1814 5312; baseline 0.007 -18"><span class='ocrx_word' id='word_1_801' title='bbox 173 5241 239 5303; x_wconf 73' lang='lat' dir='ltr'>iare</span> <span class='ocrx_word' id='word_1_802' title='bbox 250 5248 334 5304; x_wconf 71' lang='lat' dir='ltr'>mete,</span> <span class='ocrx_word' id='word_1_803' title='bbox 349 5237 401 5293; x_wconf 84' lang='lat' dir='ltr'>nisi</span> <span class='ocrx_word' id='word_1_804' title='bbox 415 5238 553 5307; x_wconf 89' lang='lat' dir='ltr'>quiabora</span> <span class='ocrx_word' id='word_1_805' title='bbox 568 5241 647 5297; x_wconf 87' lang='lat' dir='ltr'>tertia</span> <span class='ocrx_word' id='word_1_806' title='bbox 659 5243 806 5300; x_wconf 81' lang='lat' dir='ltr'>erueidaus</span> <span class='ocrx_word' id='word_1_807' title='bbox 819 5254 861 5300; x_wconf 88' lang='lat' dir='ltr'>est</span> <span class='ocrx_word' id='word_1_808' title='bbox 872 5244 965 5299; x_wconf 86' lang='lat' dir='ltr'>Douri-</span> <span class='ocrx_word' id='word_1_809' title='bbox 1017 5239 1124 5311; x_wconf 75' lang='lat' dir='ltr'>fflllll·</span> <span class='ocrx_word' id='word_1_810' title='bbox 1146 5239 1216 5308; x_wconf 72' lang='lat' dir='ltr'>Ouid</span> <span class='ocrx_word' id='word_1_811' title='bbox 1237 5240 1378 5312; x_wconf 79' lang='lat' dir='ltr'>significat,</span> <span class='ocrx_word' id='word_1_812' title='bbox 1404 5242 1477 5312; x_wconf 65' lang='lat' dir='ltr'>‹1¹¹⁰st</span> <span class='ocrx_word' id='word_1_813' title='bbox 1496 5257 1566 5297; x_wconf 77' lang='lat' dir='ltr'>unus</span> <span class='ocrx_word' id='word_1_814' title='bbox 1586 5241 1703 5297; x_wconf 72' lang='lat' dir='ltr'>millium</span> <span class='ocrx_word' id='word_1_815' title='bbox 1719 5241 1814 5297; x_wconf 56' lang='lat' dir='ltr'>¹²¹¹&amp;ss</span> 
     </span>
     <span class='ocr_line' id='line_1_58' title="bbox 173 5326 1815 5402; baseline 0.001 -17"><span class='ocrx_word' id='word_1_816' title='bbox 173 5344 226 5395; x_wconf 73' lang='lat' dir='ltr'>pus</span> <span class='ocrx_word' id='word_1_817' title='bbox 247 5327 346 5399; x_wconf 74' lang='lat' dir='ltr'>linguis</span> <span class='ocrx_word' id='word_1_818' title='bbox 364 5326 528 5400; x_wconf 80' lang='lat' dir='ltr'>tudanum,</span> <span class='ocrx_word' id='word_1_819' title='bbox 552 5330 619 5387; x_wconf 86' lang='lat' dir='ltr'>bora</span> <span class='ocrx_word' id='word_1_820' title='bbox 646 5342 722 5390; x_wconf 80' lang='lat' dir='ltr'>sexta</span> <span class='ocrx_word' id='word_1_821' title='bbox 749 5349 813 5390; x_wconf 81' lang='lat' dir='ltr'>uero</span> <span class='ocrx_word' id='word_1_822' title='bbox 841 5335 967 5393; x_wconf 89' lang='lat' dir='ltr'>manibus</span> <span class='ocrx_word' id='word_1_823' title='bbox 1018 5331 1091 5389; x_wconf 85' lang='lat' dir='ltr'>latus</span> <span class='ocrx_word' id='word_1_824' title='bbox 1106 5332 1212 5388; x_wconf 84' lang='lat' dir='ltr'>bomini</span> <span class='ocrx_word' id='word_1_825' title='bbox 1225 5333 1350 5402; x_wconf 85' lang='lat' dir='ltr'>aperuit?</span> <span class='ocrx_word' id='word_1_826' title='bbox 1364 5332 1400 5391; x_wconf 86' lang='lat' dir='ltr'>Ut</span> <span class='ocrx_word' id='word_1_827' title='bbox 1413 5333 1469 5389; x_wconf 88' lang='lat' dir='ltr'>illie</span> <span class='ocrx_word' id='word_1_828' title='bbox 1478 5331 1678 5402; x_wconf 89' lang='lat' dir='ltr'>quodammodo</span> <span class='ocrx_word' id='word_1_829' title='bbox 1689 5330 1753 5388; x_wconf 72' lang='lat' dir='ltr'>ritae</span> <span class='ocrx_word' id='word_1_830' title='bbox 1769 5346 1815 5388; x_wconf 85' lang='lat' dir='ltr'>os·</span> 
     </span>
     <span class='ocr_line' id='line_1_59' title="bbox 174 5419 1814 5501; baseline 0 -26"><span class='ocrx_word' id='word_1_831' title='bbox 174 5419 311 5501; x_wconf 70' lang='lat' dir='ltr'>numum?</span> <span class='ocrx_word' id='word_1_832' title='bbox 1020 5423 1086 5477; x_wconf 89' lang='lat' dir='ltr'>tiurrr</span> <span class='ocrx_word' id='word_1_833' title='bbox 1102 5423 1284 5493; x_wconf 88' lang='lat' dir='ltr'>panderetur,</span> <span class='ocrx_word' id='word_1_834' title='bbox 1304 5423 1375 5479; x_wconf 92' lang='lat' dir='ltr'>unde</span> <span class='ocrx_word' id='word_1_835' title='bbox 1395 5429 1565 5478; x_wconf 86' lang='lat' dir='ltr'>sacramenta</span> <span class='ocrx_word' id='word_1_836' title='bbox 1579 5419 1709 5477; x_wconf 78' lang='lat' dir='ltr'>Ecclesia</span> <span class='ocrx_word' id='word_1_837' title='bbox 1720 5434 1814 5475; x_wconf 87' lang='lat' dir='ltr'>mana·</span> 
     </span>
     <span class='ocr_line' id='line_1_60' title="bbox 208 5504 1813 5588; baseline -0.001 -21"><span class='ocrx_word' id='word_1_838' title='bbox 208 5511 241 5570; x_wconf 93' lang='lat' dir='ltr'>ln</span> <span class='ocrx_word' id='word_1_839' title='bbox 253 5527 286 5568; x_wconf 86' lang='lat' dir='ltr'>eo</span> <span class='ocrx_word' id='word_1_840' title='bbox 297 5526 364 5567; x_wconf 80' lang='lat' dir='ltr'>uero</span> <span class='ocrx_word' id='word_1_841' title='bbox 378 5511 449 5581; x_wconf 92' lang='lat' dir='ltr'>qnod</span> <span class='ocrx_word' id='word_1_842' title='bbox 462 5511 527 5567; x_wconf 89' lang='lat' dir='ltr'>dicit</span> <span class='ocrx_word' id='word_1_843' title='bbox 545 5529 552 5565; x_wconf 75' lang='grc' dir='ltr'><strong>ι</strong></span> <span class='ocrx_word' id='word_1_844' title='bbox 572 5513 732 5584; x_wconf 73' lang='lat' dir='ltr'>deceperant</span> <span class='ocrx_word' id='word_1_845' title='bbox 746 5518 894 5574; x_wconf 74' lang='lat' dir='ltr'>restituente</span> <span class='ocrx_word' id='word_1_846' title='bbox 910 5518 967 5588; x_wconf 76' lang='lat' dir='ltr'>ejrre</span> <span class='ocrx_word' id='word_1_847' title='bbox 1018 5520 1125 5567; x_wconf 82' lang='lat' dir='ltr'>terunt.</span> <span class='ocrx_word' id='word_1_848' title='bbox 1136 5511 1204 5567; x_wconf 88' lang='lat' dir='ltr'>Nam</span> <span class='ocrx_word' id='word_1_849' title='bbox 1214 5521 1239 5568; x_wconf 90' lang='lat' dir='ltr'>et</span> <span class='ocrx_word' id='word_1_850' title='bbox 1252 5512 1280 5567; x_wconf 93' lang='lat' dir='ltr'>in</span> <span class='ocrx_word' id='word_1_851' title='bbox 1290 5521 1465 5571; x_wconf 86' lang='lat' dir='ltr'>monumento</span> <span class='ocrx_word' id='word_1_852' title='bbox 1475 5526 1545 5567; x_wconf 83' lang='lat' dir='ltr'>nouo</span> <span class='ocrx_word' id='word_1_853' title='bbox 1555 5510 1659 5580; x_wconf 89' lang='lat' dir='ltr'>positus</span> <span class='ocrx_word' id='word_1_854' title='bbox 1670 5517 1712 5566; x_wconf 86' lang='lat' dir='ltr'>est</span> <span class='ocrx_word' id='word_1_855' title='bbox 1722 5504 1813 5574; x_wconf 80' lang='lat' dir='ltr'>lesus,</span> 
     </span>
     <span class='ocr_line' id='line_1_61' title="bbox 173 5601 1813 5676; baseline 0.002 -21"><span class='ocrx_word' id='word_1_856' title='bbox 173 5609 201 5666; x_wconf 69' lang='lat' dir='ltr'>ot</span> <span class='ocrx_word' id='word_1_857' title='bbox 222 5601 338 5671; x_wconf 62' lang='lat' dir='ltr'>purant</span> <span class='ocrx_word' id='word_1_858' title='bbox 361 5612 475 5673; x_wconf 76' lang='lat' dir='ltr'>quatuor</span> <span class='ocrx_word' id='word_1_859' title='bbox 496 5612 594 5672; x_wconf 85' lang='lat' dir='ltr'>partes.</span> <span class='ocrx_word' id='word_1_860' title='bbox 607 5603 808 5675; x_wconf 75' lang='lat' dir='ltr'>Quadripertita</span> <span class='ocrx_word' id='word_1_861' title='bbox 821 5609 904 5664; x_wconf 84' lang='lat' dir='ltr'>restis</span> <span class='ocrx_word' id='word_1_862' title='bbox 915 5609 968 5663; x_wconf 79' lang='lat' dir='ltr'>llo-</span> <span class='ocrx_word' id='word_1_863' title='bbox 1018 5604 1047 5659; x_wconf 91' lang='lat' dir='ltr'>in</span> <span class='ocrx_word' id='word_1_864' title='bbox 1064 5619 1118 5674; x_wconf 92' lang='lat' dir='ltr'>quo</span> <span class='ocrx_word' id='word_1_865' title='bbox 1133 5606 1252 5661; x_wconf 90' lang='lat' dir='ltr'>noudum</span> <span class='ocrx_word' id='word_1_866' title='bbox 1265 5605 1388 5676; x_wconf 88' lang='lat' dir='ltr'>quisquis</span> <span class='ocrx_word' id='word_1_867' title='bbox 1400 5605 1506 5676; x_wconf 91' lang='lat' dir='ltr'>positus</span> <span class='ocrx_word' id='word_1_868' title='bbox 1524 5611 1592 5660; x_wconf 91' lang='lat' dir='ltr'>erat.</span> <span class='ocrx_word' id='word_1_869' title='bbox 1618 5602 1696 5660; x_wconf 88' lang='lat' dir='ltr'>Sicut</span> <span class='ocrx_word' id='word_1_870' title='bbox 1712 5604 1740 5660; x_wconf 88' lang='lat' dir='ltr'>in</span> <span class='ocrx_word' id='word_1_871' title='bbox 1759 5603 1813 5659; x_wconf 81' lang='lat' dir='ltr'>lia·</span> 
     </span>
     <span class='ocr_line' id='line_1_62' title="bbox 162 5690 1813 5771; baseline 0.001 -22"><span class='ocrx_word' id='word_1_872' title='bbox 162 5690 239 5749; x_wconf 70' lang='lat' dir='ltr'>mini</span> <span class='ocrx_word' id='word_1_873' title='bbox 256 5693 349 5747; x_wconf 84' lang='lat' dir='ltr'>nostri</span> <span class='ocrx_word' id='word_1_874' title='bbox 366 5693 432 5751; x_wconf 77' lang='lat' dir='ltr'>lesu</span> <span class='ocrx_word' id='word_1_875' title='bbox 457 5694 555 5753; x_wconf 77' lang='lat' dir='ltr'>Christi</span> <span class='ocrx_word' id='word_1_876' title='bbox 585 5697 809 5768; x_wconf 85' lang='lat' dir='ltr'>quadripartitam</span> <span class='ocrx_word' id='word_1_877' title='bbox 833 5699 966 5768; x_wconf 78' lang='lat' dir='ltr'>iignrabat</span> <span class='ocrx_word' id='word_1_878' title='bbox 1020 5697 1067 5753; x_wconf 73' lang='lat' dir='ltr'>rite</span> <span class='ocrx_word' id='word_1_879' title='bbox 1078 5696 1188 5771; x_wconf 77' lang='lat' dir='ltr'>rirqiuis</span> <span class='ocrx_word' id='word_1_880' title='bbox 1200 5705 1287 5764; x_wconf 89' lang='lat' dir='ltr'>utero,</span> <span class='ocrx_word' id='word_1_881' title='bbox 1300 5710 1380 5752; x_wconf 89' lang='lat' dir='ltr'>neruo</span> <span class='ocrx_word' id='word_1_882' title='bbox 1392 5703 1454 5751; x_wconf 90' lang='lat' dir='ltr'>arrtc</span> <span class='ocrx_word' id='word_1_883' title='bbox 1468 5693 1553 5763; x_wconf 90' lang='lat' dir='ltr'>illum,</span> <span class='ocrx_word' id='word_1_884' title='bbox 1565 5709 1645 5753; x_wconf 89' lang='lat' dir='ltr'>uerno</span> <span class='ocrx_word' id='word_1_885' title='bbox 1658 5701 1721 5766; x_wconf 85' lang='lat' dir='ltr'>post</span> <span class='ocrx_word' id='word_1_886' title='bbox 1738 5693 1813 5751; x_wconf 87' lang='lat' dir='ltr'>illum</span> 
     </span>
    </p>
   </div>
   <div class='ocr_carea' id='block_1_8' title="bbox 0 0 1915 6116">
    <p class='ocr_par' dir='ltr' id='par_1_9' title="bbox 0 0 1915 6116">
     <span class='ocr_line' id='line_1_63' title="bbox 0 0 1915 6116; baseline 0 0"><span class='ocrx_word' id='word_1_887' title='bbox 0 0 1915 6116; x_wconf 95' lang='lat' dir='ltr'> </span> 
     </span>
    </p>
   </div>
  </div>
 </body>
</html>
