3810 6120
163 287 218 343 rur
796 286 1142 350 sustinuissemus
1592 279 1599 295 '
1732 295 1783 352 ros

200 401 574 476 (Exlocucbrysssieinde
590 397 1146 471 intortalindincinusprre·Aconinsos,
1177 398 1224 453 scd
1249 397 1351 454 ratione
1378 399 1496 466 quadan
1527 399 1621 455 omine
1649 416 1697 457 suo
1727 405 1784 460 dis·

165 495 279 562 clarum,
291 503 319 551 et
331 494 361 551 in
373 497 425 551 boc
438 509 533 549 rursus
542 495 602 565 plus
611 494 744 564 passionis
757 493 857 564 aliquid
871 494 948 549 inse·
1001 491 1109 546 tinctos.

163 586 271 654 nimus,
297 585 426 657 quoniam
453 585 540 655 ipsios
565 584 613 640 lati
632 583 804 656 maqnitionm
825 583 948 639 dicens:
1033 580 1192 637 drneennos
1205 581 1413 653 quatuordecim.
1436 578 1544 639 Intuere
1565 593 1665 654 quanta
1692 601 1784 644 ncces

163 675 317 734 Concursus
328 676 382 731 moi
401 674 565 745 quotidiani,
581 674 881 745 eacqoe'superreniret
895 671 949 730 ire-
998 674 1065 730 sitas
1075 675 1100 730 ei
1114 674 1251 733 incumbat
1261 674 1404 745 loquendi,
1431 686 1461 731 ut
1485 676 1556 746 qnod
1580 681 1784 748 quatuordecim

162 770 427 844 menresuidetscet
455 768 685 825 conturbationes.
713 766 872 824 Sollicitudo
896 782 948 821 orn-
998 778 1083 821 annos
1108 765 1262 832 celaverat,
1285 766 1458 836 postmodum
1488 766 1603 840 prodere
1627 780 1782 842 cogeretur.

163 865 236 918 nium
262 860 450 917 desierimus.
465 856 524 915 lion
538 858 620 924 dixit,
645 859 794 926 correctio,
810 858 873 930 quia
887 857 949 928 plns
997 852 1075 920 Quos
1089 854 1187 909 iterum
1202 855 1300 937 repetit
1316 873 1322 908 ε
1345 854 1380 909 Et
1401 854 1458 912 scio
1479 855 1611 928 ejusmodi
1627 860 1783 929 bominem,

162 955 242 1012 babet
254 954 288 1011 de
303 954 427 1023 passione
439 964 521 1023 qnarn
534 950 685 1007 derirtute.
701 949 769 1018 Quis
782 948 946 1014 normann,
996 943 1054 998 sire
1068 951 1145 999 extra
1157 959 1266 1015 corpus,
1278 943 1463 1012 neseio,1iens
1475 945 1535 1013 seit,
1551 948 1679 1018 quoniam
1690 957 1785 1023 ruptus

160 1053 189 1101 ct
200 1061 253 1102 non
265 1045 334 1116 ego?
352 1042 409 1099 Non
423 1043 491 1099 dixit
513 1043 641 1114 corrigo,
660 1042 708 1099 sed
730 1040 864 1109 infinnor.
880 1037 947 1104 Qun
996 1039 1040 1089 est
1054 1033 1081 1086 in
1094 1033 1261 1104 paradisum,
1276 1033 1394 1090 ostendit
1415 1035 1529 1092 alterum
1541 1035 1625 1094 inisse
1639 1040 1782 1105 visionem,

160 1135 376 1200 scandalizator,
398 1142 423 1188 et
447 1148 493 1204 epo
517 1149 569 1188 non
588 1132 672 1186 uror?
689 1131 790 1195 idest,
810 1127 947 1198 particeps
996 1121 1151 1192 quostiam
1163 1122 1301 1178 evidenter
1314 1125 1458 1194 apparuit,
1480 1134 1586 1182 etcum
1612 1143 1727 1201 corpore
1752 1145 1783 1186 se

160 1243 221 1285 snm
248 1227 373 1281 moeroris
398 1224 519 1281 enectus.
543 1223 573 1279 st
599 1223 691 1294 itaque
721 1219 862 1291 passiones
888 1230 946 1271 ma·
995 1211 1121 1266 crederet
1130 1208 1213 1266 inisse
1225 1212 1396 1267 translatum.

158 1332 225 1387 grrns
250 1315 351 1372 liabent
376 1315 536 1381 mercedes,
565 1312 693 1369 omnibns
718 1310 745 1365 ln
772 1306 945 1380 passionibus
1030 1300 1065 1355 Et
1079 1300 1177 1356 andins
1192 1303 1391 1371 arconnserdo,
1407 1321 1466 1377 quse
1486 1309 1610 1363 nonlicet
1625 1310 1727 1366 bomirri
1740 1311 1782 1365 lc-

157 1406 237 1477 pq‘ns
261 1412 288 1461 et
316 1404 496 1476 perniciosius
521 1410 566 1458 est
594 1401 678 1456 enini
709 1398 831 1455 desectus
862 1404 944 1465 atque
993 1395 1049 1464 qni.
1062 1393 1179 1459 Arcana,
1190 1392 1218 1450 id
1228 1393 1444 1466 ostabscondita,
1456 1414 1515 1471 qnae
1526 1400 1591 1455 nulli
1604 1401 1644 1456 ias
1655 1411 1696 1458 cst
1709 1405 1782 1460 dioc-

156 1494 282 1550 unguina,
943 1534 947 1538 ,
993 1498 1033 1551 ιε,
1048 1484 1105 1539 εἰιε
1118 1499 1178 1555 quse
1188 1484 1356 1555 impossibile
1365 1495 1417 1556 εει,
1433 1489 1578 1546 burnunarn
1592 1508 1721 1549 enarrare
1734 1510 1781 1549 un-

193 1584 338 1656 Siqloriori
347 1592 457 1656 oportet.
468 1581 725 1654 Sivolnntqloriari,
736 1581 763 1636 ln
772 1581 816 1637 bis
823 1580 943 1650 glories·
990 1580 1090 1629 turam.

157 1680 213 1741 sm,
226 1675 255 1729 in
270 1674 368 1744 quibu,
378 1686 440 1746 ῳ,
452 1672 517 1728 sicet
529 1680 654 1738 emptu„
675 1673 723 1728 ned
736 1671 800 1742 quin
815 1671 873 1726 ιρι
886 1683 941 1725 non
1028 1663 1082 1718 Pro
1095 1654 1224 1735 einsniodi
1234 1665 1376 1737 qiora'oior,
1390 1686 1439 1741 pro
1450 1684 1491 1725 ore
1503 1681 1590 1725 notens
1601 1671 1666 1727 nibil
1680 1673 1780 1746 nicrin-

157 1765 267 1831 lrabsnt,
280 1757 341 1820 ideo
353 1765 380 1819 in
393 1763 548 1820 carnalibus
558 1763 718 1835 gloriantur.
936 1737 979 1807 ,Β
993 1755 1060 1823 ior,
1077 1757 1128 1810 utri
1147 1758 1176 1811 in
1195 1758 1392 1828 infirmitatibus
1409 1762 1483 1818 mein
1501 1761 1564 1818 stre
1577 1779 1628 1834 pro
1648 1763 1780 1833 ejusmodi

192 1854 258 1922 Qun
271 1853 434 1925 infirmitatis
457 1867 523 1908 mete
545 1861 606 1907 sunt
632 1851 776 1924 olorinbor.
800 1850 865 1907 Haec
881 1863 942 1921 qum
993 1847 1108 1917 risione,
1121 1864 1171 1919 pro
1186 1865 1230 1906 me
1244 1860 1333 1908 autem
1348 1852 1425 1919 nibil,
1442 1853 1499 1909 sine
1509 1871 1558 1926 pro
1577 1871 1636 1911 men
1657 1855 1777 1921 virtute,

159 1950 286 2021 strperlns
316 1948 403 2014 dixit,
432 1945 600 2002 infirmitatis
635 1944 745 2000 nomine
771 1944 941 2016 designauit,
993 1941 1057 2012 quia
1071 1957 1125 1997 non
1139 1950 1181 1998 est
1194 1959 1264 2010 mea,
1280 1945 1444 2002 sedbomini
1458 1945 1637 2013 revelatioct
1650 1947 1711 2004 ideo
1725 1960 1779 2002 non

156 2041 231 2111 qnod
240 2040 366 2095 bunrsnae
375 2036 527 2092 infirmitati
538 2037 589 2092 ista
602 2035 778 2107 propulsant.
992 2034 1070 2099 mibi,
1083 2035 1130 2091 scd
1144 2035 1200 2092 lico
1212 2037 1325 2108 gloriam
1338 2039 1427 2108 dabo,
1442 2040 1469 2096 in
1486 2037 1689 2097 indrmitatibus
1700 2041 1778 2105 meis,

194 2131 282 2199 dens,
301 2138 326 2187 et
338 2139 414 2203 poter
430 2129 538 2185 licinius·
556 2129 639 2184 nostri
657 2128 722 2184 less
748 2126 847 2184 desti
872 2128 941 2194 scit,
993 2124 1081 2191 idest,
1097 2126 1125 2180 in
1140 2126 1361 2186 tribulationibus
1375 2146 1444 2203 quas
1461 2147 1511 2202 pro
1522 2130 1631 2188 Christo
1645 2131 1778 2197 sustineo,
1857 2198 1861 2210 ,

155 2210 204 2294 qni
223 2231 259 2278 ert
278 2220 426 2278 benedictus
451 2221 480 2274 ire
504 2217 627 2284 rocula,
649 2218 720 2289 quod
743 2235 796 2273 sos
819 2219 940 2273 mentior.
992 2223 1021 2272 ct
1046 2217 1107 2273 ideo
1132 2216 1229 2284 lubor,
1260 2220 1306 2290 qui
1331 2219 1519 2279 afflictionibus
1544 2221 1639 2294 plenus
1664 2229 1715 2290 est,
1731 2223 1779 2277 ba-

157 2309 225 2368 ilem
246 2310 323 2383 qnasi
342 2309 477 2367 ditllcilem
491 2309 629 2374 diomrus,
644 2309 717 2378 quod
738 2306 824 2364 ludmi
847 2315 942 2363 contra
992 2309 1057 2365 bore
1073 2317 1163 2380 potest
1180 2311 1413 2380 consolationem,
1432 2307 1535 2374 habere
1551 2330 1605 2371 non
1623 2319 1712 2387 potest
1731 2328 1778 2369 ιε-

153 2416 221 2458 euru
235 2402 318 2458 etianr
332 2402 451 2474 gentium
464 2399 601 2474 principos
613 2399 804 2465 concitassent,
817 2407 880 2454 saite
893 2398 942 2455 lici
992 2403 1116 2457 nitatem.

157 2492 340 2550 testimonium
354 2491 497 2564 implorat,
515 2505 550 2547 ne
567 2504 638 2546 rerae
649 2490 702 2546 boe
709 2487 850 2558 iactantis
862 2497 940 2560 puta·
1029 2492 1099 2547 Num
1125 2501 1148 2548 et
1168 2493 1190 2546 si
1213 2490 1318 2547 noluero
1344 2489 1453 2563 plorimi
1464 2532 1472 2557 ,
1498 2507 1549 2547 non
1567 2508 1611 2546 ero
1641 2491 1776 2562 insipiens.

148 2593 240 2651 antur,
252 2584 325 2656 qnod
337 2584 467 2639 adsersus
473 2597 534 2638 eunr
545 2596 629 2654 regna
642 2581 821 2647 surrexerint,
832 2580 940 2636 etnibtl
990 2580 1123 2652 insipiens
1140 2581 1284 2652 reperitur,
1299 2577 1347 2651 qui
1369 2589 1473 2635 remoto
1499 2578 1589 2635 cordis
1614 2575 1777 2643 bumilitate,

149 2675 292 2746 potuerint
316 2673 474 2745 prevalere.
509 2672 571 2729 ideo
596 2680 688 2728 autem
711 2681 837 2728 nurnerat
862 2673 939 2739 hcc,
990 2670 1034 2728 sel
1053 2669 1194 2739 dctalsn,
1215 2670 1362 2726 ueletiam
1381 2669 1416 2726 do
1439 2684 1504 2726 sera
1528 2667 1580 2724 sibi
1603 2667 1683 2723 laude
1702 2665 1778 2723 blan·

152 2770 183 2821 at
198 2764 323 2821 ostendat
339 2762 522 2835 quidistemit
560 2762 633 2819 inter
647 2776 726 2819 seros
738 2771 767 2819 et
778 2761 863 2820 tnlsos
875 2777 940 2834 apo
991 2763 1072 2819 ditur.

145 2853 246 2912 *notos
1031 2851 1172 2909 Veritatem
1185 2852 1253 2908 eninr
1265 2850 1351 2907 dienen
1360 2892 1368 2918 ,
1378 2868 1486 2923 porcum
1505 2861 1593 2906 ostent
1605 2891 1614 2917 ,
1628 2867 1660 2905 tre
1668 2850 1727 2922 quis
1735 2867 1776 2904 ure

187 2942 311 3000 Βιιιιιιιι
325 2942 483 3016 praeposius
506 2943 591 3013 pentir
607 2941 695 2998 dreini
720 2942 790 3014 repis
808 2943 940 2999 comodis·
989 2943 1212 3014 seddimetsrmro
1229 2942 1257 2998 td
1280 2942 1350 3014 quod
1364 2942 1431 2997 uidet
1453 2958 1503 2997 nte.
1525 2939 1595 2998 Sunt
1609 2928 1774 3013 ct'cconltu,

69 3090 76 3100 ,
150 3033 195 3088 iet
206 3032 337 3087 εὶιιιειοιιι
346 3031 582 3098 Damascenorum,
595 3039 624 3086 st
644 3046 684 3086 nae
698 3031 938 3101 immutantem,
952 3081 974 3143 c
990 3051 1051 3108 quae
1062 3036 1163 3105 possim
1174 3036 1200 3090 in
1215 3035 1330 3090 scritate
1345 3031 1484 3103 proferre,
1502 3033 1549 3089 sed
1564 3048 1665 3103 parco,
1684 3032 1774 3099 idest,

140 3120 432 3194 electissimorum
448 3121 750 3194 emrtuderaieesssern
760 3138 937 3195 memorum,
989 3142 1042 3193 non
1057 3125 1138 3193 lucio,
1150 3124 1286 3182 sufficiunt
1309 3124 1468 3190 manifesta,
1493 3125 1576 3178 etiarn
1603 3123 1626 3179 si
1655 3120 1776 3180 celentur

150 3223 176 3269 et
197 3213 235 3268 rie
258 3211 339 3284 effspi
357 3227 451 3267 muner
474 3212 543 3284 ejas.
569 3211 734 3284 Propositus
757 3214 846 3286 penus
867 3213 939 3270 illius
981 3218 1155 3279 abscondita.
1169 3217 1265 3274 liebis
1289 3232 1333 3273 rnc
1348 3225 1452 3275 tantum
1464 3217 1776 3287 aestinrctunnsquisque

149 3311 228 3370 erat,
254 3300 299 3376 eni
326 3301 458 3375 rcqnebat
479 3301 572 3358 tren.
597 3301 724 3374 Nunquid
744 3301 803 3373 jorn
816 3303 939 3360 dicearm
988 3309 1131 3381 qrrnvidet
1143 3309 1170 3364 in
1185 3323 1238 3375 me,
1256 3316 1302 3364 ειιι
1314 3295 1417 3364 audiuit
1428 3325 1462 3364 ox
1475 3325 1528 3364 nte.

149 3395 262 3452 Paulum
277 3403 393 3452 mortem
404 3395 539 3464 timuisse,
560 3410 644 3466 qnam
654 3409 684 3452 ss
696 3406 747 3467 pro
765 3394 832 3453 lesu
843 3412 939 3454 amore
978 3442 981 3448 .
1023 3398 1058 3455 Et
1072 3416 1104 3455 rte
1118 3399 1270 3470 mopnItsdo
1287 3397 1472 3455 renetotionnm
1486 3394 1594 3454 extoilet
1609 3413 1670 3466 nte,
1693 3397 1773 3455 datas

148 3495 265 3544 testatur
282 3490 423 3560 appetere?
438 3488 486 3544 sed
498 3488 601 3544 mimis
618 3491 712 3545 rosen
730 3488 792 3547 loen
805 3490 938 3546 minorem
987 3497 1025 3549 ιιι
1044 3490 1108 3545 milri
1120 3487 1242 3544 sebenias
1256 3488 1342 3545 earnis
1354 3505 1430 3556 rnen,
1446 3488 1555 3561 annolus
1572 3486 1690 3546 Sutnntr.
1705 3488 1771 3545 Celo

149 3582 201 3637 sibi
220 3580 447 3637 tructumadesse
459 3581 792 3652 conspiceret,etqrarern
805 3581 937 3648 laborem,
987 3581 1096 3656 quidem
1127 3579 1317 3645 revelationes,
1335 3580 1383 3634 scd
1409 3595 1445 3635 nc
1474 3595 1518 3636 me
1536 3578 1579 3636 vet
1608 3580 1635 3635 in
1668 3589 1774 3636 secreto

150 3671 185 3727 ad
197 3671 319 3728 laborem
331 3684 362 3727 so
371 3670 435 3726 alibi
457 3682 520 3726 enm
535 3670 626 3727 isaeus
641 3673 777 3738 serravit,
797 3672 877 3729 tortis
900 3680 939 3728 et·
987 3673 1077 3730 cordis
1101 3673 1242 3739 extollant,
1253 3672 1415 3745 necessariae
1426 3681 1490 3728 sunt
1502 3668 1569 3730 milri
1584 3673 1772 3740 contritiones,

149 3761 222 3816 enirn
234 3759 369 3831 preliator
376 3760 425 3816 bet
435 3761 522 3816 teneri
534 3761 605 3816 intra
615 3761 764 3818 claustrum
775 3763 938 3830 nomineco—
986 3766 1249 3838 qnaemebominem
1265 3779 1326 3823 esse
1338 3775 1560 3833 commemorent.

150 3853 261 3910 taurinis
274 3868 398 3924 campum
409 3855 544 3925 qumsisit.
1023 3855 1058 3912 tn
1078 3874 1120 3912 me
1134 3857 1322 3928 coluplrieeret.
1340 3856 1534 3929 colaphizabat
1556 3874 1617 3914 oum
1645 3856 1772 3927 Satanas,

182 3942 219 3999 bt
237 3946 260 4000 ιι·
279 3944 390 4017 plorimi
410 3955 526 4018 oportet,
541 3962 595 4004 non
615 3947 719 4020 espeuit
741 3949 860 4021 quidese
882 3950 937 4008 Nec
986 3945 1174 4002 tribulationes
1186 3954 1213 4002 ει
1224 3947 1346 4017 pericula
1357 3938 1521 4015 suscitando,
1537 3956 1584 4002 aut
1601 3947 1773 4004 lrroommodu

147 4034 214 4090 ruini
235 4035 344 4106 quidem
356 4036 466 4108 expedit
478 4037 627 4093 seeundum
639 4038 830 4106 bumilitatem,
844 4040 893 4096 sed
906 4049 937 4095 ιι
986 4034 1268 4108 corporisirderendo.
1283 4035 1397 4105 Quidam
1409 4037 1481 4093 eninr
1494 4038 1588 4093 dierunt
1603 4052 1666 4093 enm
1679 4038 1773 4096 dolore

148 4128 239 4199 aliqua
252 4127 286 4186 de
299 4143 343 4187 mc
362 4128 510 4200 proteram,
523 4130 677 4202 supradicta
691 4132 853 4189 necessitate
862 4144 937 4189 corn-
985 4129 1083 4202 eapitis
1093 4128 1244 4185 laborasse.

40 4250 43 4256 ⁴
146 4221 243 4293 pellor.
1021 4219 1134 4294 Propter
1148 4218 1220 4294 qaod
1232 4229 1273 4276 ter
1285 4218 1428 4276 licerinum
1439 4219 1543 4293 ronnei,
1559 4232 1587 4276 ει
1600 4219 1771 4276 discederetis

188 4309 298 4366 lerion
312 4318 400 4368 nsterrt
411 4311 448 4367 sd
467 4314 578 4370 risisset
596 4324 621 4370 et
634 4315 802 4371 rerelmiorree
817 4315 933 4371 demitti.
985 4322 1072 4380 ote,et
1082 4311 1220 4368 diciturilti
1230 4328 1243 4368 ,.·
1255 4311 1410 4385 Sudieittiii
1421 4315 1508 4386 prurio
1521 4330 1588 4369 oren.
1599 4311 1772 4370 invertimus

147 4399 186 4455 dc
199 4400 222 4455 si
233 4400 352 4468 diceret,
361 4402 533 4460 infirmitates
544 4418 612 4462 mee
623 4414 698 4473 sunt,
712 4407 832 4464 stolones
843 4417 935 4463 annom
944 4444 974 4505 D
984 4401 1066 4458 etiam
1089 4408 1199 4458 muetos
1212 4401 1348 4457 interdum
1370 4405 1537 4463 eontrarium
1557 4403 1658 4474 aliquid
1676 4412 1771 4475 postu-

131 4504 202 4544 -non
214 4498 280 4546 snut
296 4505 373 4557 mete,
387 4491 434 4548 scd
451 4492 568 4549 Domini.
985 4487 1066 4546 lasse.
1081 4486 1167 4546 Simul
1178 4489 1319 4558 discimus,
1342 4492 1405 4563 quia
1431 4492 1584 4563 importuna
1597 4492 1700 4562 petitio,
1729 4492 1772 4547 rel

182 4579 245 4638 Seio
258 4581 390 4637 densim
402 4582 431 4636 irs
440 4580 558 4649 cirine,
567 4593 716 4641 astemoe
722 4586 931 4657 maturescens,
984 4594 1146 4650 wspunsum
1159 4589 1308 4648 mereatur,
1332 4581 1355 4638 si
1371 4597 1424 4638 non
1439 4583 1552 4638 sortitor
1574 4579 1717 4647 effectum,
1743 4591 1771 4638 et

147 4672 200 4728 sios
214 4673 566 4745 incorpore,seecio,1iess
579 4677 628 4731 ecit
640 4716 649 4744 ,
660 4687 767 4744 ramere
780 4678 933 4748 hujusmodi
984 4670 1092 4729 bomini
1110 4673 1276 4746 dispensatio
1286 4675 1338 4733 boc
1353 4675 1458 4748 ipsum,
1473 4673 1545 4745 quod
1557 4674 1702 4746 aliquando
1715 4691 1770 4731 non

146 4778 229 4835 usqne
241 4762 276 4818 od
298 4764 521 4820 tertismcolura.
537 4764 601 4822 Stre
615 4767 649 4822 de
669 4768 838 4833 sedicet,et
851 4783 932 4824 cansa
983 4773 1109 4835 praesmt,
1130 4766 1288 4837 intelligitur
1306 4769 1473 4840 prestitisse.
1499 4765 1603 4824 Sufficit
1616 4764 1663 4821 tibi
1683 4766 1769 4839 gratio

146 4851 318 4921 trumilitatls,
336 4854 414 4925 qussi
427 4855 461 4912 de
485 4854 540 4912 allo
562 4843 702 4926 loquuturi,
728 4857 787 4914 sire
808 4857 843 4914 de
862 4857 931 4925 alio,
985 4870 1062 4923 mea,
1077 4856 1172 4923 idest,
1188 4857 1212 4914 si
1227 4872 1309 4928 quam
1324 4857 1419 4926 bobes,
1433 4859 1489 4915 siue
1509 4872 1590 4928 quom
1614 4857 1768 4926 quotidiana

127 4945 377 5013 -rrtrunrqncstsre
392 4952 491 5014 potero
984 4947 1109 5018 largitate
1123 4948 1171 5004 tibi
1184 4963 1299 5020 suggero
1316 4965 1349 5006 ac
1358 4949 1544 5009 subministro.

181 5029 300 5088 snmus
309 5031 470 5091 Ambrosius
486 5035 513 5090 in
526 5035 595 5092 libro
608 5034 760 5092 lisamcron
780 5037 820 5093 sio
840 5037 906 5094 dicit
924 5055 931 5092 ε
1021 5038 1094 5094 lieni
1106 5039 1188 5096 cirtae
1197 5039 1539 5115 ininfirmitateperfieitur.
1556 5037 1633 5096 Sicut
1642 5039 1770 5096 insancto

147 5119 245 5178 Utrum
257 5137 342 5178 uuum
356 5122 393 5179 sit
411 5124 511 5181 coelum
528 5140 563 5180 an
589 5125 698 5197 plnres,
726 5127 865 5183 contentio
880 5135 931 5183 est.
983 5128 1045 5197 lob,
1055 5129 1098 5187 sel
1107 5129 1246 5189 Eleazaro.
1256 5129 1286 5187 ln
1296 5130 1453 5186 sustinendo
1463 5116 1768 5211 intirmitateeorporea.

145 5213 215 5270 liam
231 5211 277 5269 alil
290 5211 389 5271 stultos
413 5229 475 5272 csse
498 5224 638 5283 ιειειιιι,
652 5217 699 5273 alii
724 5226 815 5274 antem
833 5228 934 5288 praeter
983 5223 1164 5285 virtusanimi
1175 5223 1386 5292 demoramur,
1401 5238 1462 5299 qne
1472 5212 1604 5282 terrmtum
1614 5222 1711 5298 probat
1723 5262 1732 5292 ,
1742 5233 1770 5281 ει

145 5316 241 5372 snum,
258 5302 397 5362 aliosssse
412 5313 520 5378 nequn,
533 5307 581 5363 sed
591 5306 829 5364 qucclcsiastieis
842 5308 931 5375 tibris,
961 5368 964 5373 ,
984 5314 1157 5373 commendat
1176 5315 1329 5387 probatum.

124 5418 128 5423 ·
145 5394 209 5454 ceti
224 5394 356 5453 otelornm
372 5395 508 5469 lequutnr,
525 5405 555 5454 ct
566 5397 711 5470 Apostolus
730 5415 815 5470 usque
830 5400 864 5456 sd
878 5408 933 5456 ter-
1021 5403 1144 5462 libenter
1155 5404 1289 5477 plorisior
1302 5406 1331 5463 in
1344 5406 1541 5478 infirmitatibus
1553 5400 1628 5460 ateis.
1644 5402 1772 5461 Libenter

146 5489 215 5545 etun
226 5488 325 5548 εειιιιιι
342 5488 427 5547 luisse
440 5504 471 5547 se
487 5490 613 5562 intelligit
627 5499 752 5563 raptum,
767 5492 816 5548 scd
837 5492 934 5551 denu-
984 5494 1078 5566 rrtiqm
1098 5503 1243 5568 postquam
1259 5497 1389 5569 prodesse
1428 5494 1649 5570 cognorinquod
1673 5507 1772 5550 nocere

127 5595 225 5639 vonero
241 5596 336 5640 ιοιιιιι
361 5582 429 5639 nibil
456 5583 508 5640 sibl
532 5591 678 5654 presumat
703 5584 821 5639 bumana
849 5592 933 5641 tene·
985 5583 1124 5643 ommni.

139 5671 230 5742 meas,
257 5673 327 5729 tecit
354 5683 446 5732 autem
475 5689 523 5732 cos
554 5674 624 5732 betis
650 5690 706 5732 non
734 5673 865 5733 informes
889 5675 932 5732 sel
1023 5672 1058 5731 dr
1068 5675 1195 5733 inbniitet
1215 5678 1244 5733 in
1257 5693 1298 5734 nse
1311 5679 1393 5736 eines
1406 5677 1515 5734 Cirieti.
1530 5675 1643 5746 Quando
1656 5676 1689 5733 dc
1706 5672 1772 5731 atne
