3810 6120
139 253 189 311 ιιιδ
787 249 963 305 sttlnsfinl
982 250 1127 308 nudatis
1712 241 1763 298 lid

139 378 249 440 pararatst
265 371 388 433 caeteris,
408 378 438 424 ut
451 378 541 443 patres
558 382 617 421 csse
638 366 771 420 dieantur.
795 364 931 431 Quaeritur
943 342 1051 424 Kinna
1065 380 1147 436 opera
1165 365 1298 435 pertinet,
1323 365 1385 434 quia
1404 364 1441 418 ilri
1460 361 1641 418 extenduntur
1662 374 1769 414 manus,

139 471 294 526 veroquam
304 458 339 511 ob
349 473 458 512 causam
471 468 497 511 et
514 457 540 509 in
554 455 631 509 omlis
644 454 679 508 ab
689 469 721 509 ιο
734 453 823 508 omnis
839 459 929 521 pater·
980 453 1130 524 Longitudo
1145 455 1171 509 in
1184 469 1217 510 ιο
1231 453 1302 526 qued
1315 455 1349 510 ab
1361 454 1419 524 ipso
1429 453 1503 524 ligno
1515 466 1599 521 nsque
1619 450 1654 505 ad
1668 457 1772 505 terram

138 547 209 600 nitas
220 545 377 616 appelletur.
391 545 529 612 Quomodo
539 560 588 600 nos
597 542 767 614 patriarchas
777 551 804 596 ιι
814 541 931 615 proplae-
980 547 1155 616 conspicuum
1170 554 1221 601 esu.
1246 544 1285 600 ini
1309 546 1381 600 enirn
1403 544 1601 615 quodammodo
1615 549 1718 609 statur,
1744 540 1773 595 ld

139 647 180 692 tas
195 645 303 691 nonos
323 643 414 706 patres
427 635 553 699 dicimus,
568 633 606 688 tu
626 645 691 704 puro
706 641 734 688 er
748 631 863 702 Anactes
878 644 931 684 co·
980 645 1032 702 esr,
1044 637 1200 705 persistitur
1211 641 1238 692 er
1250 641 1451 707 perseveratur,
1463 631 1692 689 aetertnnotno.
1704 629 1773 684 sta·

138 733 264 793 terasauc
276 725 504 780 virtutesimhere
514 725 650 796 principes
662 723 703 779 sni
716 723 822 793 generis
835 720 863 777 in
878 733 932 777 ιιι-
980 728 1044 782 tudo
1054 735 1096 782 est
1107 726 1134 780 ia
1146 741 1177 782 ea
1190 725 1256 798 ligni
1269 732 1357 795 parte,
1370 739 1429 795 quae
1441 725 1475 779 ab
1490 723 1536 778 illo
1548 722 1619 792 quood
1634 729 1774 777 transver-

137 813 260 878 lcstibus‚
272 830 341 883 artos
354 825 445 886 patres
464 816 598 886 gaudeant
610 813 755 887 appellare.
777 812 931 882 Archangc·
979 832 1039 872 sum
1057 815 1147 888 ligitur·
1165 830 1271 870 sursum
1285 829 1381 870 versus
1399 812 1576 884 relinquitur,
1594 811 1648 866 lroc
1662 820 1715 873 est,
1738 809 1773 865 ιιι

123 907 179 975 ,las
191 908 263 962 enim
274 907 494 976 nisinngclorum
507 905 559 960 dici
571 920 623 960 non
634 912 773 977 potasset
782 903 930 957 dominatio
980 913 1061 976 capnt
1070 902 1204 971 erucidri,
1218 902 1358 974 quiabene
1368 901 1535 974 sperantiam
1544 913 1660 971 superna
1673 908 1773 970 caspe.

136 999 303 1071 principatus
314 1006 340 1051 et
353 1005 499 1068 potestates
510 997 561 1051 nisi
576 996 717 1052 inleriores
731 993 866 1066 subjectos
880 995 929 1048 ua-
979 996 1062 1053 elatio
1074 1005 1124 1051 est.
1148 995 1208 1052 Jarn
1225 1011 1290 1051 vero
1305 994 1370 1049 illud
1388 1010 1421 1049 ex
1436 992 1510 1065 ligno
1527 991 1600 1062 quod
1621 1006 1676 1046 noa
1691 1002 1776 1062 appa-

121 1087 237 1164 ιιιιιιιι,
257 1104 310 1144 non
323 1078 463 1143 uocantur.
488 1086 580 1143 Potest
592 1104 657 1160 ergo
676 1096 704 1143 et
716 1088 767 1142 hoc
780 1085 929 1154 dici-quod
979 1099 1038 1154 ret,
1059 1088 1129 1158 quod
1143 1087 1226 1142 lixum
1240 1086 1402 1152 occultatur,
1415 1086 1486 1140 unde
1500 1092 1586 1140 toturn
1597 1083 1664 1139 illud
1675 1084 1775 1166 exstir-

136 1181 207 1238 lleus
223 1182 327 1238 Domini
349 1182 432 1239 nostri
453 1180 517 1237 lesu
535 1179 634 1235 Cirristi
655 1179 732 1248 juxta
752 1176 929 1234 substantiam
979 1180 1031 1247 git,
1049 1176 1259 1248 profunditatem
1279 1175 1428 1247 signifieat,
1449 1175 1595 1246 gratuitate
1607 1171 1716 1247 gratiss.
1744 1168 1774 1226 ia

136 1281 277 1349 pateresu
295 1272 553 1344 etanigsnitasnnn
569 1280 611 1325 est
627 1270 768 1340 adoptione
783 1265 929 1332 lilius‚sed
979 1285 1032 1340 quo
1043 1266 1188 1325 rnnllorum
1204 1268 1310 1340 ingenia
1322 1276 1518 1331 conteruntur,
1535 1266 1562 1322 id
1576 1263 1713 1337 uestigare
1726 1277 1776 1319 eo·
1836 1304 1839 1311 .

136 1370 242 1416 tratura.
259 1360 369 1417 Calene
380 1376 487 1430 quoque
502 1369 633 1415 creatura}
646 1359 816 1429 paternitatis
831 1372 927 1412 nomen
979 1361 1124 1425 nantia‚'ut
1137 1361 1170 1415 ad
1184 1368 1336 1415 extremum
1348 1357 1389 1414 cis
1401 1358 1522 1412 dicatur:
1539 1354 1662 1422 Olonna,
1675 1355 1775 1427 transit

136 1452 280 1520 adoptione
298 1461 465 1506 meruerunt.
978 1471 1017 1518 es,
1032 1465 1059 1508 ιιι
1077 1449 1404 1525 saepenominatam.
1425 1450 1464 1522 rx)

173 1539 206 1593 ist
223 1539 265 1594 det
280 1540 361 1603 colia,
385 1549 438 1593 etc.
465 1539 609 1608 Propterea
634 1540 717 1601 dicit,
739 1552 822 1591 ιιιιιο
842 1550 927 1607 genna
1014 1543 1148 1600 filantem
1170 1543 1215 1613 qut
1239 1551 1329 1612 potem
1350 1550 1407 1606 ear,
1428 1549 1480 1596 ece.
1498 1538 1547 1612 (Ex
1564 1537 1687 1612 Hieron.)
1714 1536 1775 1593 Hoc

136 1646 194 1684 ntea
212 1630 246 1683 nd
264 1638 378 1700 patrem,
411 1636 440 1682 ut
460 1630 561 1683 trilmat
585 1629 662 1683 rolris
686 1629 813 1680 rirtrttem
837 1625 927 1696 gloriae
978 1635 1122 1691 ospenplens
1150 1649 1178 1689 se
1197 1633 1307 1703 quidem
1322 1631 1400 1702 juxta
1421 1614 1633 1687 imbecillitatem
1652 1628 1776 1686 hominis

136 1734 199 1779 stan.
218 1720 243 1774 id
260 1727 309 1779 est,
327 1718 475 1788 unnjcstatis
490 1736 544 1773 suae
561 1720 659 1773 italicae
675 1716 851 1778 consortium,
867 1729 927 1767 ros·
942 1704 964 1762 Β
978 1725 1144 1795 populasse,
1162 1739 1222 1795 qum
1237 1724 1277 1779 eps
1293 1721 1472 1778 waducpbplpa
1491 1720 1663 1776 videbamur,
1686 1718 1776 1801 (2229.

135 1825 189 1878 qne
202 1809 312 1863 roboret
329 1817 408 1878 atque
422 1808 561 1863 eondrmet
583 1824 629 1878 per
647 1808 771 1877 spiritum
794 1812 927 1863 sanctam.
979 1833 1037 1873 pum
1050 1823 1179 1886 quantum
1195 1812 1229 1868 ad
1250 1813 1289 1868 rei
1307 1811 1391 1881 ipsius
1404 1810 1522 1883 pertinet
1542 1810 1686 1868 vestratem
1712 1808 1776 1881 plns

74 1972 79 1981 ι
136 1901 198 1971 quia
210 1901 282 1955 nulla
296 1899 425 1955 lortiturlo
439 1901 539 1971 illisque
553 1899 653 1969 Spjpjppp
669 1908 762 1952 sztutlo
772 1907 823 1953 PSl.
840 1895 928 1951 stilbo-
978 1906 1537 1974 Deumpplepe11·}buerp,qupmrogatur,
1562 1900 1709 1959 Plaefflbll
1724 1902 1775 1975 igi.

134 1999 278 2047 retentem
295 2001 376 2062 atqtuc
391 1991 530 2046 corrdrmct
554 1991 581 2046 in
606 1990 763 2043 interiorem
780 1988 926 2041 imminens.
979 2006 1023 2050 rur
1036 2011 1118 2066 saper
1128 2010 1207 2065 quom
1222 1993 1338 2064 petimus
1351 2001 1398 2047 unt
1411 1990 1602 2063 intelligimus,
1619 1990 1775 2046 secundani

135 2079 193 2132 Non
208 2079 280 2134 enim
294 2082 466 2141 exteriorem,
491 2079 537 2133 scd
559 2078 714 2133 interiorem
730 2078 865 2132 hominnm
879 2090 927 2130 eu-
977 2103 1037 2141 eam
1052 2087 1178 2140 triennem
1193 2102 1254 2155 qum
1268 2094 1395 2156 operatur
1407 2085 1434 2138 in
1446 2082 1534 2140 nobis.

42 2244 45 2249 Ι
135 2169 743 2242 Ιιῖιιιιιιιοιοιιιί,ιιιιιοιιιιιιιιιιΙιιιιίιιιιιιίι
759 2168 882 2224 Claristus
901 2169 927 2222 ia
1014 2179 1168 2251 ppeiptnria
1185 2178 1413 2243 inecelaaimetc.
1429 2175 1653 2248 ipsittaaueneo
1669 2172 1776 2246 tilglo·

137 2261 264 2316 interiore
284 2261 405 2327 homine,
421 2264 448 2317 in
463 2261 548 2331 ipsias
565 2261 701 2315 interioris
720 2261 837 2315 ltominis
852 2261 928 2314 itali·
978 2272 1035 2335 ιιι,
1048 2270 1167 2341 primum
1180 2268 1206 2324 tn
1223 2268 1338 2324 ecclesia
1352 2283 1412 2337 φη
1429 2277 1470 2323 esc
1486 2283 1580 2338 supra,
1594 2282 1649 2322 non
1668 2264 1776 2323 habas

136 2361 173 2408 ret
189 2354 340 2426 principali,
359 2356 384 2409 id
399 2365 449 2418 cst,
464 2356 490 2409 in
504 2354 631 2410 cordibus
648 2356 755 2409 restris.
770 2352 827 2409 lloe
838 2360 927 2407 autem
978 2359 1122 2423 maculam,
1146 2373 1231 2427 neque
1249 2373 1356 2428 rugam,
1378 2366 1406 2413 et
1421 2372 1481 2428 qrtae
1497 2364 1641 2428 propterea
1658 2340 1776 2437 gloriam

136 2455 222 2501 totum
237 2460 285 2514 pcr
305 2445 384 2499 sidem
402 2445 466 2509 ner,
484 2444 506 2499 si
521 2445 664 2499 credamus
687 2442 714 2497 in
731 2458 802 2497 eum.
829 2442 928 2508 Qunam·
978 2451 1026 2506 pei
1041 2450 1159 2518 recipere
1174 2457 1272 2520 potest,
1296 2447 1360 2519 quia
1372 2464 1469 2520 enrpus
1482 2457 1524 2504 est
1536 2445 1658 2514 christi,
1673 2446 1775 2505 deinde

134 2537 228 2590 obrem
248 2535 296 2600 ait,
318 2533 440 2588 habitare
455 2532 592 2588 Christum
607 2548 656 2603 per
669 2531 748 2588 lldcm
762 2533 789 2587 in
801 2531 928 2587 corninus
978 2543 1005 2596 ip
1025 2541 1131 2596 ernisto
1145 2536 1219 2603 lesu,
1239 2539 1302 2608 quia
1316 2539 1343 2593 in
1362 2555 1473 2610 corpore
1488 2539 1622 2609 assumpti
1641 2538 1773 2602 bominis.

135 2629 243 2683 uestris.
255 2627 389 2685 dubitatio
401 2640 491 2685 arrtem
506 2629 566 2693 ista,
583 2645 701 2698 parmper
713 2629 853 2685 exordium
866 2625 926 2682 lidei
978 2630 1054 2701 errius
1068 2638 1129 2684 sunt
1143 2629 1268 2683 ursiversa
1284 2629 1405 2684 membra
1423 2630 1601 2698 credentium,
1623 2629 1714 2687 omnis
1731 2628 1776 2689 ai-

136 2716 302 2783 intricatur,
324 2719 429 2774 radices
445 2727 472 2773 ιι
491 2719 664 2774 fundamenta
684 2721 711 2773 in
731 2720 863 2774 charitate
881 2718 927 2774 lm·
977 2723 1076 2778 vinitas
1089 2720 1281 2791 corporaliter,
1299 2737 1360 2792 quac
1377 2722 1485 2791 quidem
1497 2723 1582 2793 gloria
1595 2738 1651 2781 nort
1663 2720 1774 2795 laprat

135 2809 190 2875 net,
208 2810 266 2867 lraec
285 2819 326 2867 est
340 2810 393 2865 rita
410 2810 541 2876 cordium,
562 2811 587 2865 in
604 2810 784 2880 curavivimus
800 2809 826 2866 ia
843 2826 926 2865 saecu-
977 2829 1040 2871 sens
1055 2823 1159 2869 tantum
1182 2821 1287 2882 tempus
1308 2812 1477 2884 extenditur,
1502 2821 1530 2867 et
1550 2810 1650 2868 [ιιιιιιίιΙ
1666 2810 1775 2869 mults

134 2898 189 2955 lam
201 2901 303 2967 smculi,
322 2901 355 2956 ab
368 2901 446 2957 initio
463 2901 524 2958 idei
538 2916 622 2971 usque
638 2902 671 2957 ad
686 2902 765 2957 daem
780 2901 848 2974 spei.
977 2903 1157 2968 terminatur,
1181 2902 1228 2957 sed
1243 2904 1271 2956 in
1286 2918 1380 2958 omnes
1394 2902 1581 2972 generationes
1600 2902 1627 2959 in
1643 2902 1774 2960 saeculum

170 2991 203 3046 ln
222 2993 350 3048 edacitate
364 2993 487 3059 radicati,
501 3001 553 3050 etc.
575 2993 637 3049 llaec
649 3002 691 3048 est
712 2993 866 3049 communio
880 3012 927 3050 cn-
978 2994 1137 3052 saeeutlorunr
1162 2992 1289 3049 inellabili
1309 2993 1459 3050 eternitate
1477 3000 1634 3063 permanet,
1660 2994 1772 3060 crescit,

132 3082 238 3152 jusdam
249 3083 346 3138 dirime
359 3084 529 3156 coelestisque
544 3085 708 3155 reipulliene,
726 3086 789 3141 lrinc
802 3095 926 3141 saturau-
954 3091 961 3108 ¹
978 3094 1101 3156 atigetur.
1756 3070 1761 3078 ’

135 3183 179 3228 tur
192 3187 344 3245 pauperes,
366 3189 419 3228 non
445 3190 494 3229 sua
520 3184 689 3245 atterentes,
715 3176 761 3230 sod
784 3191 843 3247 ιιι
862 3176 926 3231 lesu
1059 3226 1076 3251 ἦ
1172 3189 1339 3230 transcursu
1355 3191 1440 3242 suus,
1456 3192 1515 3232 can.
1531 3191 1578 3233 ιιι.

133 3264 245 3341 (insisti.
261 3264 328 3321 llum
343 3267 376 3322 de
390 3267 447 3338 ipso
458 3282 527 3337 pane
542 3284 596 3340 ano
609 3267 677 3322 tales
690 3276 845 3323 saturantur
857 3284 926 3339 quo·
1015 3284 1024 3314 ι
1046 3263 1105 3318 that
1117 3262 1196 3318 lesus
1218 3264 1246 3319 in
1263 3265 1401 3320 eit-itatem
1423 3281 1483 3335 quae
1502 3276 1615 3320 vocatur
1628 3262 1730 3334 litim,
1745 3274 1773 3323 et

102 3347 107 3355 ’
131 3358 194 3413 dam
207 3357 265 3413 loeo
279 3358 423 3430 Apostolus
438 3360 522 3415 dicit:
550 3359 624 3414 Unus
638 3360 725 3431 panis,
740 3375 820 3414 unam
832 3374 926 3431 coaptas
980 3354 1160 3410 «lilonicum
1183 3353 1230 3409 illo
1253 3353 1379 3425 discipuli
1401 3353 1473 3423 ejus,
1498 3362 1526 3411 et
1547 3354 1626 3410 turba
1648 3353 1770 3426 copiosa

44 3435 50 3445 ’
134 3449 211 3503 :territi
222 3466 313 3506 samur
328 3447 354 3523 (l
368 3448 429 3506 Car.
447 3450 485 3525 ι).
979 3461 989 3497 ι
1006 3442 1073 3499 Cum
1086 3450 1176 3498 autem
1200 3443 1449 3515 appropinquarent
1463 3450 1549 3514 pnrtoe
1562 3442 1694 3508 civitatis,
1709 3458 1772 3501 ecee

169 3541 236 3607 Qnoe
255 3542 289 3596 sit
305 3541 437 3608 latitudo,
459 3551 512 3598 ete.
528 3541 588 3612 ipsa
601 3542 723 3597 charitas
735 3558 796 3597 cum
809 3542 835 3597 in
848 3540 926 3599 bonis
979 3553 989 3587 ι
1008 3531 1153 3589 defunctus
1163 3529 1346 3599 efferebatur,
1363 3531 1434 3588 filius
1446 3534 1541 3589 unicus
1556 3533 1652 3590 ¹⁰³¹?ss
1665 3548 1730 3602 ⁸¹¹²,
1744 3542 1772 3589 ⁰¹

133 3634 259 3703 operibus
276 3633 429 3687 dilectionis
440 3642 601 3697 excreetur,
617 3633 694 3702 quasi
715 3632 749 3687 ad
762 3633 933 3707 subveniens
978 3645 988 3678 ι
1006 3627 1063 3682 lraec
1077 3625 1156 3681 ridaa
1172 3635 1247 3691 erat,
1269 3634 1296 3680 ιι
1309 3625 1387 3681 turba
1409 3625 1526 3681 ciuitatis
1546 3627 1629 3682 murita
1651 3642 1714 3683 enm
1727 3642 1768 3683 ea.

133 3722 197 3774 darm
215 3735 430 3791 qrraqrraversum
453 3729 542 3790 potest
558 3722 674 3792 porrigi,
690 3731 717 3776 ιι
737 3721 794 3776 haec
811 3721 925 3777 latitudo
978 3738 988 3770 ι
1005 3717 1090 3785 Quam
1105 3731 1167 3772 eum
1184 3716 1297 3771 uidisset
1309 3713 1404 3779 lesus,
1419 3715 1605 3772 misericordia
1625 3724 1769 3772 matmso·

132 3825 184 3871 cst.
207 3814 283 3869 Nune
300 3813 505 3886 longanimitate
527 3814 641 3869 adressa
654 3815 750 3868 tolerat
769 3814 796 3868 in
810 3829 843 3869 ιο
854 3816 925 3884 quod
979 3831 988 3863 ι
1007 3827 1055 3882 per
1067 3826 1138 3875 eam,
1157 3809 1226 3864 ditit
1240 3807 1294 3863 illi:
1315 3807 1374 3863 Noli
1390 3807 1464 3869 llere.
1487 3808 1521 3863 tn
1541 3807 1771 3864 accessit-cltell-

131 3909 267 3966 reraciter
283 3908 383 3970 tenuit,
407 3913 580 3978 perseuerat,
603 3913 630 3962 et
647 3907 705 3962 hacc
719 3906 856 3976 longitudo
871 3915 922 3970 est,
978 3907 1045 3978 egit
1061 3902 1189 3958 loculum.
1212 3902 1245 3957 lli
1263 3911 1353 3957 autem
1374 3903 1419 3972 qui
1439 3903 1602 3975 permitam,
1623 3906 1769 3965 steterunt.

132 4006 184 4060 lroe
202 4010 299 4056 autem·
310 4006 395 4055 totam
414 4008 524 4068 propter
538 3998 740 4070 adipiscendam
757 4000 840 4053 uitam
860 3999 925 4055 lacit
979 4018 987 4051 ι
1007 4009 1033 4055 ιι
1047 3999 1084 4053 ait
1097 4017 1103 4052 t
1116 3997 1297 4062 Adolescens,
1313 3997 1360 4051 tibi
1372 3997 1443 4062 dieo,
1460 4011 1548 4068 surge.
1563 3994 1598 4050 Et
1609 3994 1714 4052 resedit
1724 3995 1769 4067 qni

131 4099 262 4146 aeternam
277 4107 337 4163 qnae
352 4090 389 4146 illi
400 4091 568 4161 promittitur
579 4089 738 4156 innuerim,
750 4099 778 4144 et
791 4089 848 4146 hac
861 4089 923 4146 alti·
977 4107 987 4140 ι
1005 4099 1063 4144 erat
1077 4097 1210 4152 martarus,
1225 4096 1252 4142 ιι
1268 4086 1350 4156 coepit
1363 4084 1446 4156 loqrri.
1462 4085 1497 4140 Et
1509 4084 1583 4140 dedit
1600 4082 1678 4140 allum
1689 4085 1769 4140 matri

131 4180 195 4237 tudo
207 4188 258 4235 est.
272 4180 370 4236 Existit
384 4197 448 4235 sero
462 4196 495 4237 ea
510 4180 561 4236 hoe
575 4178 648 4235 cultu
660 4181 711 4235 ista
730 4178 860 4245 charitas,
876 4182 922 4236 ulii
977 4198 985 4229 ι
1004 4192 1068 4234 sare.
1088 4177 1198 4248 Accepit
1220 4187 1309 4232 nartem
1323 4191 1418 4230 omnes
1439 4173 1537 4239 timor,
1560 4182 1589 4229 ιι
1610 4174 1767 4247 magnilica·

130 4270 234 4325 landati
249 4272 445 4340 quodammodo
458 4279 484 4325 ιι
499 4270 610 4326 radicati
626 4285 736 4335 sumus,
766 4271 921 4328 arnicauso
976 4271 1070 4326 abant
1086 4272 1169 4325 Deum
1185 4271 1324 4324 dicentes:
1348 4268 1416 4336 Qota
1429 4267 1561 4342 Propheta
1573 4282 1690 4340 magnus
1709 4282 1769 4324 sur-

130 4363 277 4443 uoluntatis
299 4362 346 4416 liei
361 4379 414 4416 non
435 4358 663 4431 t·cstipantur.'et
683 4363 788 4416 lroccst
808 4360 919 4433 prolua·
934 4394 960 4453 D
976 4383 985 4412 ι
1004 4363 1076 4417 rexit
1101 4361 1127 4416 in
1153 4361 1231 4415 nolis
1278 4370 1306 4414 et
1332 4362 1395 4430 qrtia
1420 4357 1491 4414 licus
1517 4359 1638 4414 visitarit
1661 4358 1765 4431 plebeo

131 4451 204 4504 dunt.
223 4450 341 4506 Altitudo
351 4452 450 4521 quiippe
462 4467 604 4505 commune
619 4465 715 4506 nornen
726 4459 766 4506 est
776 4451 884 4507 excelso
894 4463 922 4506 et
979 4475 987 4506 a
1008 4469 1094 4509 stram.
1111 4474 1121 4506 ι
1753 4452 1757 4459 ’

129 4541 273 4610 proitrndo.
296 4541 348 4596 Sed
368 4556 430 4596 cum
447 4542 473 4615 in
488 4543 596 4598 excelso
615 4543 730 4608 dieitur,
749 4543 922 4599 sublimitatis
1011 4546 1070 4600 liat
1086 4544 1164 4600 Iesus
1177 4546 1205 4600 in
1219 4546 1351 4600 civitatens
1363 4552 1539 4615 pernoscatur
1550 4541 1641 4606 licitu.
1658 4541 1765 4597 etidaat
1815 4550 1841 4595 ³

130 4633 276 4686 enrincntia
295 4632 510 4688 commendatur.
535 4634 602 4688 Corn
623 4645 712 4689 auttcm
733 4635 759 4689 in
774 4635 919 4706 profundo,
974 4638 1226 4709 carraillodiscipuli
1240 4639 1306 4708 ajars,
1320 4647 1344 4692 et
1359 4636 1562 4706 turiacopr'ata.
1576 4632 1657 4688 Nalm
1671 4630 1766 4688 cirita
1790 4646 1841 4691 Ι

131 4722 273 4780 aiillucnltas
286 4724 499 4796 investigationis
512 4733 539 4777 et
552 4726 722 4794 cognitionis,
737 4728 807 4781 triade
818 4734 845 4783 ιι
858 4727 921 4783 iliad
974 4739 1014 4784 est
1028 4729 1137 4785 Galilem
1152 4729 1179 4782 in
1195 4730 1313 4784 metando
1325 4725 1566 4781 naillinriolltalror
1578 4723 1689 4790 montis,
1701 4734 1765 4778 eou-
1780 4746 1841 4777 —a

129 4813 186 4869 ileo
205 4815 322 4871 dicitur:
344 4813 429 4882 Quam
446 4814 615 4887 magnificata
630 4826 690 4870 sam
704 4825 850 4888 operatua,
865 4815 919 4870 lla-
975 4829 1016 4876 tra
1032 4821 1183 4885 meridiem,
1200 4819 1277 4889 juxta
1292 4818 1394 4882 Enrlor,
1409 4816 1506 4886 qualest
1518 4815 1594 4870 ricus
1610 4812 1724 4885 grandis
1735 4813 1762 4866 itt
1774 4826 1841 4867 a

129 4904 214 4971 taine,
238 4905 314 4961 nimir
339 4902 479 4978 melandre
498 4904 576 4976 [arto
596 4915 656 4959 ιιιιιι
679 4906 849 4976 capitolinam
867 4917 919 4963 trare
973 4917 1070 4980 qrrarto
1083 4908 1208 4964 milliaria
1220 4906 1340 4977 ejrrsdem
1353 4907 1452 4962 montis
1465 4906 1499 4959 ad
1513 4902 1665 4960 meridien.
1678 4898 1841 4961 lutet—⁵!

129 4992 217 5068 lPW·
233 4992 297 5068 scr).
972 5011 1094 5073 pretatur
1107 5003 1179 5057 enim
1194 5001 1271 5055 Nalm
1283 4998 1379 5055 lluctas
1394 4998 1435 5053 rel
1447 4996 1601 5053 commotio.

165 5084 277 5139 Scireet
286 5083 346 5156 jara
360 5084 600 5155 snpereminentem,
628 5095 681 5143 cto.
706 5086 735 5141 ln
748 5088 799 5144 hoc
820 5099 919 5160 myste·
1007 5091 1072 5147 Carnu
1095 5104 1183 5148 αιιιιιιι
1197 5093 1415 5163 appropinquaret
1431 5097 1514 5160 porta
1535 5087 1659 5143 deitatis.
1682 5086 1841 5144 ronan

127 5174 170 5231 rio
188 5173 273 5247 figura
295 5174 386 5230 erucis
408 5175 580 5242 ostenditur,
603 5176 649 5246 qui
668 5176 740 5232 eninr
757 5177 820 5249 quia
836 5178 919 5234 uoluit
972 5183 1090 5240 civitatis
1103 5200 1156 5254 quta
1168 5178 1312 5238 deiunct'us
1328 5180 1498 5245 clirrelratur,
1518 5188 1584 5249 poto
1597 5178 1717 5249 aliquem
1728 5175 1841 5232 dola

126 5276 252 5325 rnortuns
265 5275 319 5334 ιιι,
333 5266 468 5336 quomodo
479 5267 565 5323 ιοιιιιι
582 5277 705 5325 mortuus
717 5277 767 5326 est.
790 5268 848 5325 lton
863 5269 919 5324 lra—
970 5275 1094 5331 sensibus
1105 5289 1165 5329 esse
1180 5273 1329 5343 corporeis,
1344 5274 1390 5345 qai
1405 5274 1476 5328 enim
1489 5273 1605 5328 seminat
1621 5271 1695 5328 inter
1708 5270 1841 5327 ube

128 5362 192 5417 strn'
201 5362 284 5434 igitur
306 5362 361 5418 tale
385 5378 470 5430 genus
492 5364 588 5418 mortis
603 5365 702 5433 elegit,
724 5365 775 5420 nisi
791 5373 821 5420 ut
839 5365 865 5420 in
886 5379 919 5419 ro
970 5378 1026 5423 tres
1039 5367 1201 5432 discordias,
1222 5367 1267 5437 qni
1281 5366 1451 5434 iniquitatem
1469 5366 1496 5420 in
1508 5364 1617 5420 excelso
1631 5363 1841 5435 loquimar

127 5470 235 5525 qtroque
246 5453 398 5510 latitudinis
411 5450 490 5521 lrujus
504 5462 532 5507 ct
545 5454 717 5524 longitudinis
727 5466 754 5511 et
768 5454 918 5510 altitudinis
969 5457 993 5511 is
1006 5473 1055 5529 per
1073 5458 1130 5512 oris
1144 5465 1250 5526 proriam
1269 5456 1423 5511 extr-abitur
1438 5463 1569 5509 mortuus.
1589 5453 1641 5522 ont
1663 5453 1763 5510 viderit
1775 5448 1841 5505 h

127 5557 155 5601 ιι
166 5547 357 5616 profunditatis
371 5547 498 5617 aragister
512 5547 652 5601 existeret..
668 5544 734 5601 Nam
747 5547 862 5602 latitudo
876 5557 918 5601 ιιι
970 5548 1108 5602 mulierem
1135 5549 1168 5601 arl
1193 5547 1435 5617 correapiseentlant
1463 5563 1523 5601 eam
1548 5560 1598 5618 per
1620 5547 1832 5603 actitamur-

129 5634 155 5687 in
170 5650 201 5687 oo
212 5635 283 5705 ligno
299 5639 370 5707 quod
383 5645 567 5692 transuersum
582 5638 695 5706 desuper
707 5638 806 5707 ligitur,
822 5639 872 5693 lroc
884 5639 916 5693 ad
968 5648 1074 5709 portant
1088 5642 1188 5694 narraris
1196 5640 1326 5709 J’talirirnn
1342 5640 1453 5711 prurient.
1478 5640 1528 5706 Oui
1547 5639 1645 5695 ialtrtlis
1656 5639 1752 5695 otiosis
1760 5648 1841 5691 2„
