3810 6120
138 272 194 331 9ιὸ
545 269 805 330 cotinentestss
825 271 858 326 tm
880 268 1076 333 tetstatas
1092 268 1136 322 ET
1156 266 1363 324 Et‘attcssbtt.
1725 266 1779 323 ant

172 387 271 458 Aperte
285 382 320 440 de
328 382 444 457 piscibus
459 402 523 455 qnos
536 385 708 457 prehendistis
720 401 788 439 nunc
800 401 809 439 :
821 382 936 438 ascmtdit
952 384 1019 443 ,tut
1034 389 1075 434 tot
1091 382 1179 452 pisces
1197 391 1321 452 caperet,
1342 383 1414 452 quod
1431 383 1599 440 solummodo
1614 384 1716 442 clectos
1734 401 1781 447 sur

138 481 233 540 Simon
255 476 352 533 Petrus
375 485 399 530 et
421 475 502 530 traxit
525 485 577 531 rete
600 476 627 531 in
650 486 758 530 terram.
775 474 826 546 (Es
840 472 934 546 Greq.)
986 487 1076 542 perum
1091 473 1186 542 patriae
1200 472 1386 545 designarent.
1403 472 1458 544 (Es
1472 473 1597 546 dapum.)
1612 474 1661 530 Est
1673 490 1782 547 quoque

137 573 233 645 Captis
247 576 339 624 sutem
354 576 411 622 tam
425 567 533 637 magnis
552 567 687 639 piscibus,
703 566 826 622 ascendit
841 564 935 621 Simon
986 563 1039 619 alia
1054 564 1209 635 supputatio
1223 563 1304 634 bajus
1318 563 1464 633 septenarii
1485 572 1511 619 et
1532 564 1636 619 denarii
1649 566 1781 632 numeris

138 661 238 719 Petrus
260 666 289 713 et
311 656 394 711 traxit
414 663 474 711 rete
495 655 523 710 in
547 664 659 710 terram.
685 654 744 709 laio
764 654 845 710 credo
862 652 935 725 quod
985 671 1048 709 atam
1067 655 1090 710 si
1106 655 1141 710 ab
1154 671 1208 710 uuo
1226 670 1321 711 omncs
1340 669 1467 710 numeros
1485 664 1626 725 computes
1644 655 1782 725 usquead

138 761 230 808 restra
250 747 372 805 charitas
394 745 526 810 aduertit,
550 747 615 817 quid
636 754 677 803 est
701 747 773 817 quod
789 746 884 802 Petrus
901 747 935 803 ad
985 746 1079 801 decem
1097 755 1124 802 et
1138 755 1253 817 septem,
1268 747 1320 802 boc
1335 726 1425 809 modo,
1441 761 1535 809 uaum,
1549 746 1613 810 duo,
1629 753 1686 804 tres
1700 744 1781 814 duat,

137 854 242 900 sermm
263 847 321 895 rete
339 837 444 893 trabit:
460 838 510 908 ipsi
529 838 628 908 quippe
647 846 742 893 saneta
757 837 877 893 Ecclesia
892 845 935 893 est
986 837 1054 894 adde
1070 847 1136 902 tres,
1157 837 1225 893 fiunt
1238 852 1302 902 sex,
1322 837 1367 893 bis
1381 836 1497 908 adjunge
1510 845 1636 905 quatuor,
1653 835 1722 891 flunt
1735 835 1782 893 de·

136 932 303 998 commissa,
323 930 374 1000 ipsi
395 930 550 1001 specialiter
565 928 682 984 dicitur:
699 927 790 984 Simon
809 926 933 993 loannis,
985 944 1060 992 cem,
1085 929 1129 984 bis
1153 929 1288 999 quinque,
1312 936 1341 982 et
1364 927 1478 983 habebis
1498 927 1668 998 quindecim,
1692 935 1719 982 et
1740 927 1782 984 sic

136 1041 215 1081 amos
227 1023 295 1077 mei
316 1037 395 1091 pasce
409 1036 466 1074 oues
480 1036 561 1074 meas.
585 1018 664 1087 Quod
681 1033 745 1089 erqo
764 1017 935 1088 postmodum
986 1021 1171 1077 crescentibus
1183 1021 1304 1075 numeris
1323 1031 1351 1075 et
1370 1019 1558 1091 multiplicatis
1573 1034 1659 1090 usque
1679 1020 1714 1076 ad
1730 1017 1781 1076 de-

137 1114 262 1186 operitur
275 1111 399 1175 insece,
420 1109 472 1165 1100
487 1125 559 1165 nunc
571 1110 694 1181 signatur
706 1109 734 1163 in
748 1124 840 1179 opere.
867 1107 934 1177 Quia
986 1112 1088 1168 contet
1100 1121 1216 1182 septem,
1230 1112 1261 1167 lit
1273 1113 1394 1169 omnium
1409 1128 1585 1168 numerorum
1599 1128 1705 1168 summa
1717 1113 1783 1169 iste·

137 1206 222 1276 igitur
243 1200 406 1272 praedicator
418 1199 545 1255 Ecclesiae
565 1215 615 1254 nos
637 1215 652 1252 a
671 1197 764 1253 mundi
778 1198 841 1251 vitae
855 1195 936 1266 hujus
986 1222 1065 1267 rum,
1081 1207 1128 1276 qui
1142 1205 1340 1277 multiplicatur
1353 1207 1388 1263 ab
1403 1222 1457 1261 uuo
1472 1221 1558 1277 usque
1579 1205 1613 1261 ad
1635 1206 1729 1262 decena
1753 1216 1783 1262 et

137 1296 268 1353 fluctibus
282 1302 404 1366 separat.
421 1294 549 1349 nimirum
565 1309 675 1350 necesse
688 1303 745 1358 est,
764 1302 793 1349 ut
809 1302 865 1349 rete
879 1293 936 1364 ple·
986 1307 1101 1369 septem,
1122 1308 1230 1354 centum
1244 1299 1439 1371 quinquaginta
1454 1307 1520 1364 tres,
1542 1314 1602 1369 quau
1615 1299 1782 1370 computatio

138 1405 206 1444 num
227 1385 349 1457 piscibus
369 1384 466 1440 Petrus
486 1384 521 1439 ad
544 1393 644 1440 terram
666 1385 755 1438 diicat.
783 1385 842 1456 lpse
863 1384 936 1440 onim
987 1387 1121 1458 superiori
1135 1387 1338 1458 significationi,
1354 1388 1406 1444 boc
1419 1397 1471 1452 est,
1491 1388 1558 1458 legis
1571 1389 1600 1443 in
1615 1389 1736 1454 denario,
1754 1398 1784 1445 et

138 1481 231 1551 pisces
252 1476 288 1535 ad
309 1475 476 1534 soliditatem
490 1476 590 1532 littoris
603 1477 753 1546 pertrabit,
775 1477 821 1547 qui
837 1485 937 1533 sancte
987 1482 1074 1551 qratia
1098 1483 1126 1537 in
1147 1483 1311 1552 septenario,
1335 1483 1402 1537 satis
1422 1491 1607 1553 congruenter
1626 1484 1781 1541 conueniet.

136 1570 344 1650 praedicationis
356 1583 434 1634 voce,
451 1569 627 1625 stabilitatem
641 1577 750 1625 eternae
764 1569 859 1638 patriae
871 1568 936 1625 flde-
988 1573 1042 1628 Sed
1057 1571 1136 1644 plura
1155 1582 1269 1645 possunt
1282 1572 1346 1629 inde
1362 1572 1530 1629 considerari
1547 1575 1728 1632 admiratione
1742 1576 1783 1632 di-

137 1664 209 1720 fibus
223 1661 353 1719 ostendit.
382 1658 628 1730 lloeeqitterbis,
651 1659 703 1715 boe
724 1660 860 1732 epistolis,
884 1660 936 1715 boc
988 1677 1056 1733 qna,
1084 1678 1146 1734 quae
1170 1661 1249 1731 buius
1273 1664 1403 1734 temporis
1428 1664 1553 1735 angustia
1579 1665 1706 1738 probibet
1731 1683 1783 1724 nos

136 1753 198 1826 agit
209 1751 330 1825 quotidie
342 1750 535 1808 miraculorum
545 1751 639 1822 signis,
649 1751 816 1821 quotiesper
826 1767 888 1807 eum
901 1751 935 1806 ad
950 1735 973 1793 B
987 1752 1077 1807 omnia
1091 1753 1193 1808 dicere.

140 1860 265 1902 amorem
275 1843 695 1916 quietisaet‘rnaectmrertimun
706 1844 813 1913 quoties
824 1859 840 1898 a
853 1852 937 1899 terre·
1022 1843 1057 1898 Ει
1072 1860 1131 1897 cum
1145 1844 1213 1897 tanti
1228 1853 1329 1908 esseio,
1349 1862 1401 1899 non
1416 1854 1453 1899 est
1468 1846 1578 1900 scissum
1595 1856 1656 1900 rete.
1676 1846 1783 1918 Adiecit
1831 1844 1838 1859 “

137 1951 238 1993 aarum
247 1951 339 1992 rerum
349 1935 507 1990 tumultibus
516 1949 682 2006 separamur,
690 1935 755 2006 quid
764 1936 935 2007 aliud,quam
987 1932 1153 2005 evangelista
1168 1949 1225 1988 rem
1247 1934 1430 1989 necessariam
1447 1935 1560 1992 dicens:
1584 1935 1696 1991 Etcum
1714 1938 1783 1993 tanti

137 2026 218 2081 missi
233 2027 304 2082 iutra
318 2033 375 2082 rete
389 2026 450 2081 fidei
465 2026 552 2095 pisces
565 2027 599 2081 ad
613 2025 688 2083 littus
701 2027 857 2082 trahimus?
987 2031 1089 2087 essent,
1103 2025 1160 2079 sire
1174 2033 1229 2079 tam
1243 2026 1346 2096 magni,
1359 2026 1428 2081 sicut
1443 2029 1567 2097 superius
1580 2028 1662 2084 dicit:
1674 2029 1783 2099 plentnn

176 2114 290 2172 Plenum
304 2118 405 2188 moqnis
418 2116 545 2188 piscibus,
559 2125 663 2171 centum
678 2118 872 2189 quinquaqinta
887 2119 936 2175 tri·
988 2116 1095 2188 magnis
1108 2115 1237 2186 piscibus,
1254 2131 1307 2171 non
1321 2124 1362 2171 est
1379 2118 1495 2173 scissum
1508 2126 1575 2183 rete,
1588 2118 1678 2184 idest,
1692 2119 1784 2192 nequi

138 2208 199 2263 tm.
223 2207 252 2263 ι
274 2222 372 2279 magno
393 2207 524 2278 mysterio
547 2222 678 2263 numerus
702 2224 756 2263 non
777 2217 871 2274 racat,
888 2208 936 2265 sed
987 2216 1078 2274 erant,
1091 2208 1139 2264 sed
1154 2209 1285 2264 intereos
1300 2208 1411 2264 heresis
1425 2225 1480 2266 nou
1495 2217 1565 2276 erat,
1579 2218 1608 2266 et
1622 2210 1682 2267 ideo
1696 2211 1785 2285 ussto

139 2299 263 2372 intentos
282 2311 331 2354 uos
353 2298 420 2352 tanti
445 2297 569 2368 mysterii
592 2295 761 2369 profunditas
785 2306 935 2369 exspectat.
988 2300 1106 2353 haereses
1119 2315 1171 2354 non
1185 2310 1273 2364 crant,
1286 2298 1333 2370 qui
1346 2300 1537 2370 maqnieraot.

139 2386 236 2460 Neque
251 2389 353 2444 etenim
367 2388 527 2463 quantitatis
542 2402 676 2443 sumniam
695 2388 809 2444 solerter
822 2405 937 2461 euange-
1023 2389 1095 2444 Dicit
1108 2391 1146 2444 eis
1159 2390 1258 2445 iesus:
1274 2387 1377 2455 Venite,
1392 2391 1528 2462 prandete,
1543 2401 1567 2446 et
1581 2409 1656 2447 mmo
1669 2392 1783 2450 auaetat

139 2480 206 2536 lisia
221 2481 400 2550 exprimeret,
419 2480 473 2535 nisi
487 2481 557 2535 banc
572 2488 742 2534 sacramento
756 2478 862 2551 plenam
878 2494 938 2536 esse
988 2480 1208 2536 discumbentium
1224 2498 1284 2537 eutn
1297 2480 1520 2553 interreperetlu
1534 2485 1593 2554 quis
1607 2486 1659 2540 esf
1682 2483 1785 2541 Senem

136 2573 300 2644 judicasset
318 2573 401 2629 Scitis
414 2587 531 2640 namque
541 2571 614 2642 quod
627 2571 654 2626 in
666 2570 840 2627 Testamenta
848 2571 939 2628 l'eteri
989 2588 1054 2644 erqo
1075 2573 1121 2630 bic
1141 2581 1203 2628 est:
1223 2572 1310 2628 Tacita
1330 2580 1390 2628 erat
1408 2572 1545 2629 euidentia
1559 2574 1698 2639 ueritatis,
1720 2575 1785 2645 quia

140 2663 234 2719 omnis
249 2663 369 2732 operatio
382 2678 432 2734 per
446 2661 570 2733 becaloqi
586 2661 712 2716 mandata
729 2661 895 2732 precipitur,
910 2663 938 2718 in
989 2661 1068 2717 Jesns
1082 2662 1135 2718 illis
1149 2663 1288 2732 discipulis
1303 2663 1459 2733 apparebat,
1476 2672 1613 2718 uteorum
1627 2679 1680 2719 non
1695 2661 1783 2719 solum

140 2752 221 2808 Nelo
240 2761 348 2817 autem,
373 2749 494 2822 eiusdem
510 2751 676 2822 operationis
690 2751 777 2805 uirtus
790 2767 840 2821 per
853 2752 938 2823 septi·
990 2771 1101 2826 negare,
1116 2756 1163 2810 sed
1177 2770 1211 2812 no
1225 2754 1351 2810 dubitare
1365 2755 1475 2825 quidem
1489 2754 1560 2810 ullus
1571 2753 1694 2811 auderet.
1712 2752 1785 2822 Quo·

141 2840 260 2897 formem
283 2842 398 2914 qratiam
420 2843 507 2896 sancti
531 2841 652 2912 Spiritus
672 2840 858 2912 multiplicatis
873 2841 939 2898 flde-
990 2847 1064 2900 niam
1079 2846 1101 2901 si
1117 2845 1260 2915 quisquam
1275 2844 1428 2908 dubitaret,
1444 2844 1538 2914 utiquc
1552 2844 1723 2914 interrogare
1735 2843 1784 2901 ds·

140 2934 217 2990 libus
229 2933 318 2998 datur,
334 2949 416 3004 quem
431 2933 562 3005 propbeta
577 2934 751 3001 denuntians,
766 2936 853 2993 dicit:
874 2937 937 3006 Spi-
991 2937 1078 2991 beret.
1098 2933 1144 2989 Sic
1159 2947 1222 2987 uero
1238 2932 1338 2987 dictum
1352 2941 1413 2987 cst:
1433 2930 1519 2987 Nemo
1533 2933 1651 2987 audebat
1665 2933 1784 2989 interro·

140 3022 211 3078 ritus
229 3023 363 3094 sapientie
379 3032 403 3078 et
420 3022 577 3090 ittteflectus,
597 3024 706 3095 spiritus
726 3025 830 3082 consilii
843 3036 868 3081 et
880 3027 940 3098 for-
992 3040 1056 3097 pare
1066 3038 1145 3081 eum:
1159 3023 1199 3078 Tu
1210 3023 1271 3092 quis
1281 3023 1329 3078 es?
1342 3037 1375 3079 ac
1386 3024 1409 3078 si
1420 3022 1567 3087 diceretur,
1579 3036 1659 3078 tremo
1669 3021 1785 3079 audebat

138 3115 274 3181 titudinis,
291 3116 400 3186 spirim
416 3117 532 3172 scientie
548 3127 572 3172 et
588 3117 703 3188 pietatis,
721 3129 744 3172 et
763 3117 867 3190 replerit
880 3084 976 3174 earnC
993 3115 1128 3176 dubitare,
1140 3112 1212 3183 quod
1226 3112 1283 3183 ipse
1295 3119 1377 3167 esset.

140 3207 254 3279 spiritate
276 3207 379 3262 timoris
401 3207 509 3262 Domini
529 3207 598 3280 (faa.
613 3207 663 3278 xa).
692 3207 746 3264 Sed
771 3210 816 3265 ifle
840 3210 866 3264 in
889 3210 941 3266 boe
1028 3203 1063 3258 Et
1081 3204 1147 3258 venit
1164 3202 1259 3267 lesus,
1278 3211 1302 3256 et
1321 3202 1420 3271 accepit
1438 3216 1531 3270 ponem
1549 3210 1572 3255 et
1589 3199 1670 3254 dabat
1688 3201 1743 3265 eis,
1761 3209 1786 3255 et

138 3296 242 3369 spiritu
265 3299 451 3369 operationem
474 3299 608 3370 percipit,
632 3299 678 3369 qui
704 3298 783 3354 fldem
799 3298 941 3359 Trinitatis
991 3298 1088 3368 piscem
1109 3294 1240 3350 similiter.
1267 3292 1420 3348 Notandum
1438 3306 1545 3362 quoquc
1567 3292 1640 3362 quod
1661 3290 1785 3347 ultimum

142 3388 285 3459 agnoseit,
300 3398 331 3446 ot
344 3398 372 3445 et
385 3390 510 3458 Patrem,
525 3400 553 3446 ct
564 3390 680 3457 Filium,
697 3399 724 3447 et
738 3392 862 3448 cumdem
880 3391 942 3465 Spi-
992 3387 1144 3442 consitium
1161 3385 1291 3440 Dominus
1307 3400 1368 3439 eum
1386 3393 1489 3454 septem
1503 3382 1643 3452 discipulis
1658 3380 1786 3435 balmisse

140 3479 227 3535 ritum
242 3478 941 3550 sanctum,uniisse-trturiscredm,untrrssupssan.
992 3477 1168 3542 describitur,
1179 3476 1275 3533 Petrus
1290 3491 1407 3546 numque
1422 3482 1448 3530 et
1460 3475 1590 3538 Thomas,
1625 3473 1784 3538 Natbanaol,

141 3570 189 3626 tiae
202 3584 264 3627 esse
278 3570 406 3627 fateatur.
434 3572 502 3642 Quia
524 3573 605 3644 igitur
620 3583 724 3644 septem
739 3589 799 3645 quae
815 3574 941 3644 superius
991 3578 1019 3623 el
1039 3567 1086 3624 filil
1107 3568 1246 3632 Zebedaei.
1272 3575 1301 3623 el
1321 3567 1365 3622 ³151
1384 3581 1417 3622 01
1440 3565 1581 3636 discibulis
1601 3563 1660 3634 01⁸ss
1681 3565 1734 3618 (ιιι)
1757 3564 1785 3621 in

143 3661 273 3726 dirimis,
289 3675 338 3732 per
351 3660 455 3718 Novum
470 3661 673 3719 Testamentum
689 3662 770 3718 iatius
786 3663 848 3719 data
868 3673 939 3720 sunt.
991 3675 1024 3715 co
1044 3657 1128 3715 fuisse
1147 3646 1420 3714 memorantur.‘Cur
1437 3674 1500 3714 corn
1519 3666 1624 3728 septem
1646 3656 1788 3728 discipulis

141 3749 242 3807 Decem
254 3766 318 3807 rero
329 3767 379 3822 per
390 3750 474 3808 Vetus
486 3763 634 3826 precepta,
646 3754 735 3809 omnis
748 3762 842 3808 nostra
855 3755 941 3811 virtus
991 3752 1115 3808 ulimum
1129 3752 1282 3808 castricium
1295 3751 1437 3807 celebrati
1458 3751 1511 3806 nisi
1530 3751 1593 3821 quia
1605 3765 1653 3807 cos
1664 3759 1784 3807 tuntum·

140 3853 169 3898 et
183 3843 308 3912 operatio
321 3859 371 3915 per
384 3845 477 3900 decom
494 3855 521 3901 et
534 3853 637 3916 septem
656 3853 747 3917 potest
766 3846 845 3915 plene
865 3861 940 3903 com·
991 3844 1072 3900 modo
1094 3843 1140 3913 qui
1162 3841 1313 3913 septiformi
1338 3843 1426 3913 qratia
1453 3841 1542 3898 saneti
1568 3840 1689 3912 Spiritus
1712 3838 1784 3911 plcui

139 3930 285 4002 prehendi.
313 3931 450 3989 Direantos
473 3948 539 4007 erqo
563 3949 612 4005 per
632 3936 768 4007 trigonum
794 3937 888 3993 decem
913 3947 941 3993 et
991 3944 1072 4000 sunt,
1093 3936 1199 3992 futuros
1219 3951 1312 3992 secum
1335 3937 1361 3991 in
1383 3943 1484 3991 ameria
1510 3933 1659 3989 refectione
1681 3932 1784 3987 denun-

141 4033 262 4094 septem,
278 4032 306 4081 et
320 4026 433 4081 veniunt
446 4027 642 4098 qninquaginta
657 4036 685 4084 et
699 4043 798 4094 unum,
814 4030 861 4099 qni
877 4045 941 4100 pro·
992 4030 1049 4084 tiat.
1071 4027 1180 4098 Septem
1193 4044 1300 4099 quoque
1313 4028 1406 4083 diebus
1424 4042 1504 4081 outuc
1526 4027 1577 4080 boc
1593 4033 1699 4094 tempus
1712 4020 1784 4077 eutri-

141 4115 216 4173 fecto
234 4132 364 4173 numerus
384 4135 400 4173 a
418 4133 517 4188 magno
537 4119 667 4190 mysterio
687 4134 740 4174 non
760 4127 856 4185 uacat,
877 4122 939 4189 quia
991 4120 1073 4184 uitur,
1097 4127 1124 4172 et
1143 4133 1214 4187 saepe
1237 4117 1392 4188 septenario
1418 4132 1533 4171 numero
1558 4113 1690 4185 perfectio
1711 4111 1783 4167 desi-

137 4207 198 4278 jam
212 4209 239 4264 in
253 4208 429 4265 Testamenta
441 4208 533 4266 Veteri
549 4210 665 4283 legimus
678 4211 750 4281 quod
761 4228 850 4269 arrnos
861 4216 939 4286 quin-
990 4218 1097 4280 quatur.
1132 4208 1171 4263 lili
1204 4223 1269 4280 erqo
1299 4209 1395 4264 ultimo
1422 4208 1546 4263 comitio
1577 4207 1610 4262 de
1639 4206 1785 4276 praesentia

142 4299 316 4371 quagesimae
330 4298 460 4355 fubilaeos
473 4301 565 4355 vocari
578 4301 673 4372 jussus
686 4309 741 4367 est,
758 4301 785 4355 fn
799 4316 852 4372 quo
863 4303 939 4358 ride·
990 4299 1113 4354 ueritatis
1133 4298 1287 4368 epulantur,
1316 4300 1363 4369 qui
1392 4313 1465 4353 uuuc
1493 4296 1665 4367 perfectiouis
1694 4294 1784 4358 studio

141 4388 208 4445 lieet
226 4395 339 4444 cunctus
357 4389 472 4461 populns
495 4391 529 4446 ab
549 4391 624 4446 omni
641 4405 723 4460 opere
740 4392 935 4461 requiesceret.
950 4433 976 4491 D
990 4401 1099 4448 terrena
1121 4390 1326 4455 trurtsccnlunt,
1345 4404 1414 4460 quos
1433 4388 1525 4444 mundi
1543 4387 1624 4459 buius
1637 4401 1715 4441 antor
1728 4399 1783 4441 uon

144 4478 199 4533 Sed
210 4492 274 4533 scra
289 4478 398 4550 requies
413 4479 440 4533 in
456 4478 558 4534 unitate
572 4487 623 4535 est.
641 4480 728 4536 Dividi
743 4482 842 4553 quippe
855 4498 937 4538 unum
991 4484 1075 4555 figat,
1102 4483 1202 4554 quibos
1223 4491 1252 4537 ct
1273 4482 1296 4537 si
1318 4489 1456 4550 utcunque
1477 4494 1526 4550 per
1547 4485 1712 4534 tentamenta
1733 4476 1784 4532 ob·

141 4585 198 4626 non
217 4576 324 4641 potest,
342 4569 388 4625 ubi
405 4572 478 4626 enirn
497 4571 615 4627 scissura
635 4571 777 4628 divisionis
796 4583 853 4637 est,
874 4589 938 4630 vcra
991 4576 1102 4647 strepit,
1120 4584 1210 4645 coepta
1224 4584 1314 4632 tamen
1326 4589 1421 4630 eorum
1434 4574 1568 4631 desideria
1582 4589 1636 4629 non
1652 4570 1785 4632 retondita

142 4662 253 4734 requies
274 4677 328 4716 non
350 4669 401 4718 est.
428 4662 564 4718 bucamos
584 4677 633 4733 per
646 4662 782 4733 trigonum
801 4663 936 4734 quinqua·
991 4667 1028 4721 be
1041 4667 1095 4723 boc
1104 4675 1227 4722 extremo
1239 4666 1372 4730 convivio,
1385 4665 1453 4721 alias
1463 4680 1512 4735 per
1523 4663 1654 4720 loannem
1666 4663 1782 4721 dicitur:

141 4756 218 4826 ginta
235 4761 262 4809 et
281 4769 380 4818 unum,
400 4760 427 4807 et
446 4752 514 4807 flunt
529 4765 639 4809 centnm
654 4754 848 4825 quinquaqinta
868 4762 934 4808 tres.
990 4756 1065 4811 ffeati
1075 4759 1119 4829 qui
1132 4757 1166 4814 nd
1179 4774 1279 4815 conant
1290 4756 1432 4828 nuptialem
1445 4757 1506 4827 eqni
1520 4758 1603 4812 uocati
1614 4766 1674 4811 suttt
1689 4756 1781 4827 (ripae.

142 4847 211 4914 Qtsi'a
234 4845 317 4917 igitur
337 4854 364 4902 et
383 4845 473 4900 oannis
488 4845 611 4915 operatio
625 4854 716 4900 nostra
739 4853 767 4900 et
789 4846 886 4908 uirtus,
908 4845 936 4900 in
991 4848 1058 4917 xrs).
1081 4848 1184 4905 idcirco
1197 4849 1271 4903 enim
1282 4864 1335 4903 uon
1348 4847 1381 4902 ad
1397 4848 1550 4917 prandium,
1565 4847 1613 4902 sed
1627 4846 1661 4902 ad
1675 4859 1782 4900 emnam

141 4937 195 4992 fide
207 4937 351 4993 Trinitatis
364 4936 501 5002 exfribita,
521 4936 555 4992 ad
572 4936 691 5006 requiem
707 4935 800 4990 tendit.
826 4934 936 5005 Septem
989 4949 1098 4995 vocatos
1119 4950 1230 5005 narrat,
1260 4939 1323 5011 quia
1344 4939 1472 4995 nimirum
1494 4940 1521 4994 in
1543 4938 1597 4993 tine
1615 4938 1667 4994 diei
1688 4936 1783 4993 couri-

141 5027 278 5086 etdecem
297 5035 338 5083 tcr
352 5028 488 5094 ducimus,
507 5035 537 5081 ut
551 5026 585 5081 od
600 5026 793 5096 quinquaginta
809 5034 837 5081 ct
852 5041 936 5082 unum
988 5029 1061 5083 tium
1089 5044 1167 5086 omna
1191 5038 1242 5084 est.
1278 5029 1329 5097 Qui
1357 5044 1422 5099 ergo
1451 5027 1527 5083 finito
1557 5027 1699 5099 presentis
1720 5026 1784 5083 titan

141 5123 235 5179 venire
253 5122 410 5189 debeamus,
430 5131 456 5178 ct
474 5137 539 5178 uera
557 5132 650 5177 nostra
669 5125 777 5192 requies
795 5132 859 5179 tuuc
876 5132 936 5189 est,
989 5131 1111 5196 tempore
1136 5124 1171 5179 ed
1199 5122 1373 5178 refectionem
1397 5137 1522 5192 superma
1544 5120 1790 5191 contemplationis

140 5228 204 5269 curn
228 5214 315 5285 ipsam
337 5212 393 5283 jam
415 5214 568 5270 claritatem
591 5215 721 5269 trinitatis
744 5216 936 5284 agnoscimus,
989 5218 1118 5281 ueniunt,
1144 5231 1198 5271 non
1219 5216 1253 5271 ad
1276 5216 1337 5286 aqui
1360 5215 1521 5287 prandium,
1549 5215 1597 5269 sed
1619 5214 1653 5268 ad
1675 5225 1781 5269 conant

140 5317 223 5375 quom
247 5302 275 5359 in
300 5303 403 5359 unitate
418 5304 567 5361 diuinitatis
590 5318 652 5362 esse
676 5313 778 5360 certum
800 5315 934 5362 tenemus.
988 5319 1130 5374 avocantur,
1150 5308 1347 5378 qumridelicet
1366 5322 1455 5373 coena,
1475 5308 1527 5364 boc
1543 5307 1637 5362 saltimo
1655 5302 1787 5364 conuiuio¹

55 5448 62 5465 ‚
139 5394 341 5468 Quinquaginta
365 5403 393 5451 et
415 5412 497 5451 rinttm
522 5406 564 5453 tcr
581 5397 714 5460 ducimus,
740 5404 767 5451 et
787 5397 935 5453 electorum
988 5399 1160 5469 exprimitur,
1170 5400 1213 5455 cui
1226 5408 1328 5471 septem
1340 5400 1465 5471 discipuli
1478 5400 1573 5455 adesse
1584 5401 1779 5452 memorantur.

140 5501 277 5542 suumtam
292 5487 320 5540 in
338 5502 453 5557 superna
469 5488 572 5558 patria,
587 5488 664 5558 quasi
679 5495 788 5544 centum
802 5488 936 5558 quiuqua—
988 5492 1056 5558 Qrtia
1071 5490 1140 5556 illos,
1154 5501 1185 5547 ιιι
1198 5492 1327 5559 diximus,
1340 5501 1404 5549 tunc
1417 5494 1445 5548 in
1458 5501 1558 5547 aeterna
1575 5487 1724 5542 refectione
1737 5502 1781 5542 ro·

139 5579 216 5650 girata
231 5587 348 5648 quatuor
361 5579 478 5651 piscium
496 5596 638 5636 uumenun
654 5587 788 5646 tenemus.
813 5578 877 5637 Post
893 5597 937 5637 re·
988 5582 1085 5652 cipiet,
1106 5582 1152 5652 qui
1171 5582 1244 5652 pleni
1258 5599 1331 5640 nunc
1345 5581 1510 5655 septiformis
1530 5578 1623 5650 gratim
1638 5575 1670 5632 io
1687 5591 1790 5635 amore.

140 5669 343 5727 surrectionem
354 5683 417 5730 tero
428 5672 658 5733 Dootinituissum
672 5680 728 5726 rete
750 5671 863 5744 dignum
874 5671 934 5743 fuit,
988 5675 1099 5748 spiritus
1115 5674 1250 5734 anbelant.
