3810 6120
124 348 176 406 895
758 335 932 392 sallusttbt
953 334 1095 390 ‚lBBATlS
1698 335 1754 392 895

124 466 206 519 donis
216 462 254 516 ait
270 457 393 514 :Poulilcs
406 453 521 510 utendos
542 453 569 506 in
584 448 759 513 monasterio,
785 446 904 518 quandiu
918 449 944 508 Α
991 445 1092 516 Subicit
1106 447 1174 498 euim
1188 445 1313 499 insurrectio
1328 446 1395 500 duas
1409 448 1512 500 tauricas
1533 457 1557 501 et
1575 447 1645 502 duaa
1660 449 1754 503 caes!-

124 554 221 610 ltiemis
234 546 500 621 coegeritviolentia,
518 544 576 599 sive
595 543 657 597 dum
671 539 769 594 iratres
782 536 909 609 gradiun·
959 536 999 591 lua
1014 536 1124 600 butero,
1144 545 1248 607 propter
1265 548 1372 603 sauctus,
1392 551 1414 592 ut
1433 548 1539 609 propter
1561 537 1655 594 lunare
1675 540 1754 612 ‚ipsus

125 659 170 700 tur
183 645 209 699 in
224 643 320 696 itinere
334 639 376 693 rel
389 637 599 708 proficiscuntur
616 633 650 687 nd
672 633 776 687 urbem.
792 629 861 684 ilinc
881 636 910 682 et
960 642 1001 680 res
1014 639 1023 678 .·
1038 625 1095 695 jum
1115 626 1184 697 quud
1202 642 1281 692 suurn
1297 625 1392 695 fuerit,
1411 628 1574 696 superfluunt
1592 637 1641 694 eat,
1656 639 1682 682 et
1696 646 1756 684 aar·

123 732 291 788 Fructuosus
307 729 394 784 dicit:
416 727 443 781 ln
470 726 558 779 bieme
582 721 685 793 pediles
707 721 839 784 calcient,
864 717 910 786 qui
960 720 1048 789 putori
1066 719 1148 774 debet.
1168 718 1202 772 Et
1218 717 1334 789 pedidus,
1347 727 1370 772 et
1384 718 1554 790 quodcunque
1568 729 1607 774 est
1620 729 1756 775 netum

125 822 276 884 voluerint,
298 819 325 874 id
347 827 405 881 est,
426 814 581 871 alialcndis
598 813 758 870 Novembris
777 809 911 880 usquead
961 809 1082 875 reddunt,
1098 809 1161 863 dum
1188 809 1318 880 accipiunt
1337 825 1442 863 tronum.
1470 807 1539 864 ilinc
1554 809 1679 866 Isidorus
1692 808 1751 864 ait:

126 915 260 969 llalcndas
270 912 364 967 linias.
375 908 496 980 Reliquis
507 908 608 963 aestivis
618 905 754 961 mensibus
762 903 910 973 caligarum
962 899 1060 954 Temis
1075 896 1182 964 tunicis,
1196 909 1224 954 et
1243 900 1313 954 binis
1327 899 1426 970 palliis,
1451 901 1618 972 singulisque
1636 900 1756 957 cucullis

127 1012 233 1058 mntarm
253 1002 356 1058 solatiis
371 998 508 1054 muniendi
521 1004 593 1051 sunt.
963 991 1082 1046 contenti
1107 991 1162 1046 sint
1177 990 1313 1054 monacbi,
1330 988 1397 1045 nibil
1414 998 1511 1060 preter
1534 991 1594 1046 inec
1607 991 1635 1046 in
1657 990 1755 1046 babitu

162 1081 914 1164 Deqaurmnreruntuntm'umcuiuscuutqrusaitudiuenou
963 1080 1036 1136 aliud
1061 1090 1266 1149 praesumentes.
1308 1079 1377 1134 llinc
1403 1087 1432 1134 ct
1454 1088 1563 1137 sanctus
1583 1080 1757 1138 Fructuosus

127 1193 269 1237 causentur
282 1181 412 1242 monachi,
426 1179 471 1233 sud
481 1178 570 1248 quoles
580 1175 691 1230 inueniri
701 1180 809 1244 possunt
819 1172 848 1224 in
857 1186 915 1239 pru·
965 1171 1003 1226 ait
1018 1189 1023 1224 ι
1042 1171 1267 1227 vestimentaque
1279 1170 1431 1233 multa,nec
1442 1170 1576 1242 superflua
1589 1171 1647 1227 sint
1659 1187 1757 1228 mona·

128 1273 211 1326 oiuciu
225 1288 277 1342 quu
288 1272 393 1341 dequut,
405 1279 450 1325 uut
470 1267 539 1340 quud
557 1265 634 1320 uilius
655 1261 803 1334 comparari
821 1268 913 1330 puteat.
965 1263 1033 1326 ubis,
1046 1261 1150 1315 duabus
1162 1267 1265 1314 tantum
1280 1259 1393 1315 cucullis
1404 1259 1513 1324 villatis,
1528 1268 1556 1314 ct
1569 1259 1691 1330 simplici
1702 1276 1756 1316 uso

129 1360 197 1415 llinc
208 1360 351 1416 Ferreolus
364 1361 403 1414 ait
415 1373 423 1413 a
435 1358 558 1413 Colorem
570 1357 652 1411 ctiam
671 1355 696 1408 in
710 1353 753 1408 bis
766 1350 917 1415 albumvel
964 1352 1080 1425 palliolo.
1109 1353 1248 1420 ternisque
1261 1351 1369 1417 tunicis,
1395 1358 1423 1405 et
1442 1350 1575 1407 staminiis
1589 1351 1699 1408 duabus
1710 1367 1759 1407 ca-

129 1452 459 1521 nimisrulum,pcrquena
466 1443 918 1520 scpcspccicscurporisudperni-
963 1445 1061 1516 jusque
1075 1443 1245 1498 necessitatis
1257 1442 1425 1513 querimonia
1441 1441 1597 1498 sufficienda
1613 1448 1677 1498 est:
1688 1440 1759 1496 ilinc

130 1543 200 1595 ciem
214 1557 291 1596 suram
311 1542 464 1596 videntibus
481 1540 694 1602 commendatur,
710 1537 787 1600 vitet,
802 1536 852 1590 boc
864 1540 916 1597 est,
967 1533 1109 1589 Ferreolus
1119 1534 1157 1588 ait
1174 1552 1180 1586 :
1207 1533 1374 1589 Vestimenta
1386 1532 1520 1602 superbus
1537 1532 1692 1588 monachus
1704 1548 1759 1588 nun

131 1633 232 1687 babere
244 1648 297 1687 non
312 1632 423 1696 ambiat,
445 1630 629 1701 ncjuctantirc
650 1644 706 1683 stim
730 1641 821 1682 secum
836 1621 919 1678 testi·
969 1627 1097 1696 requirat,
1113 1626 1218 1681 dicente
1235 1625 1348 1680 Domino
1358 1625 1392 1679 ad
1407 1623 1571 1695 discipulos:
1586 1620 1681 1695 Neque
1690 1623 1759 1678 dua

130 1724 252 1778 uroninm
267 1722 345 1788 ierat,
360 1730 387 1776 ct
398 1722 461 1776 dum
471 1736 569 1791 corpus
579 1719 644 1775 uelit
655 1716 823 1773 uestimentis
836 1729 918 1771 oma—
969 1716 1070 1770 tunicas
1086 1715 1212 1769 trabeatis.
1239 1713 1312 1781 Quas
1329 1714 1395 1769 duas
1419 1713 1524 1768 tunicas
1550 1712 1703 1783 intelligere
1713 1713 1760 1768 dc-

132 1826 171 1878 re,
189 1814 222 1867 de
235 1813 336 1884 animae
343 1811 511 1866 ornamentis
525 1825 578 1865 nou
598 1815 684 1864 curet.
710 1799 778 1860 llinc
797 1804 917 1860 lsiduros
929 1782 953 1841 B
966 1807 1062 1861 bemus
1082 1820 1136 1860 trun
1153 1819 1275 1869 numero,
1292 1803 1313 1860 si
1331 1811 1443 1876 propter
1460 1803 1578 1858 hiemem
1594 1801 1759 1858 necessariae

132 1904 191 1958 ait:
208 1903 324 1959 liunitus
348 1904 429 1959 debet
443 1918 503 1958 csse
517 1902 686 1965 monachus,
706 1915 760 1954 non
775 1899 915 1955 delicatus.
968 1911 1027 1951 csse
1043 1896 1177 1959 ridentur,
1196 1895 1244 1950 scd
1256 1911 1337 1965 supra
1352 1910 1430 1949 usum
1445 1893 1467 1948 si
1479 1899 1627 1949 reservata·
1646 1889 1757 1956 luerint,

132 1993 210 2048 Sicut
223 2001 312 2049 antem
325 2009 377 2047 non
392 1974 497 2062 oportet
508 1992 536 2046 in
551 1993 685 2047 monacho
707 2005 767 2046 csse
791 1988 918 2044 notabilis
965 1986 1127 2055 computari.
1150 1984 1309 2055 Superergo
1324 1982 1423 2052 siquid
1440 1979 1530 2048 inerit,
1544 1981 1759 2053 putabituralie·

133 2084 262 2148 babitus,
283 2085 320 2139 ita
335 2100 385 2140 nec
403 2086 469 2139 satis
483 2084 613 2155 abjectus.
624 2083 690 2138 liam
704 2082 822 2154 pretiosa
836 2082 918 2136 vestis
968 2093 1041 2131 nunt.
1072 2076 1139 2130 llum
1152 2073 1279 2145 quidquid
1292 2087 1432 2143 possessor
1445 2087 1543 2127 avarus
1562 2071 1690 2137 includit,
1703 2086 1758 2126 ms·

133 2173 254 2229 animum
268 2174 301 2229 ad
325 2173 462 2229 lasciuiam
475 2174 619 2245 pertrabit.
636 2173 723 2228 Nimis
737 2172 799 2227 vilis
813 2179 860 2227 aut
873 2169 919 2226 do
968 2168 1008 2239 gis
1019 2168 1173 2222 utiturarca
1183 2164 1405 2235 quemdominus.
1424 2161 1501 2230 Quod
1516 2171 1545 2217 ut
1556 2161 1662 2218 vitetur
1672 2163 1757 2217 maxi·

132 2268 219 2322 lorum
236 2266 329 2321 cordis
348 2267 433 2336 parit,
451 2276 498 2321 ant
515 2268 638 2321 morbum
654 2281 729 2321 uanae
750 2266 841 2336 gloriae
854 2279 919 2320 con·
968 2275 1029 2316 mats
1040 2258 1117 2314 nobis
1126 2259 1223 2313 beatus
1236 2255 1374 2327 apostolus
1389 2255 1467 2310 testis
1477 2254 1596 2324 assurgit
1605 2254 1656 2324 qui
1669 2253 1735 2310 dicit
1749 2272 1756 2309 a

134 2360 228 2414 trahit.
248 2359 317 2414 ilino
331 2358 448 2414 Basilius
462 2359 500 2413 ait
523 2378 529 2413 :
557 2358 586 2414 Si
600 2359 672 2414 cuim
696 2359 815 2415 studium
840 2356 919 2411 nobis
970 2349 1206 2404 Hubenletvivlttm
1221 2356 1244 2401 el
1257 2346 1376 2402 vetillum
1387 2346 1427 2401 itit
1441 2345 1555 2400 codicilli
1566 2344 1662 2399 sitnm.
1690 2344 1759 2401 Nm

135 2449 287 2504 babendum
316 2457 359 2503 cst
380 2450 500 2504 omnium
519 2465 579 2506 esse
592 2450 733 2514 minimos,
749 2457 776 2505 ct
798 2448 919 2504 omnium
968 2442 1012 2512 otti
1025 2442 1113 2494 uolunt
1130 2439 1221 2493 divim
1236 2436 1425 2507 fifflfstddtml
1439 2437 1466 2490 ³²¹
1482 2438 1667 2503 'mamma
1683 2445 1706 2491 ‘i
1720 2433 1759 2490 Ι·-

135 2557 185 2595 nos
200 2541 376 2604 nouissimos,
392 2552 496 2595 certum
508 2544 631 2611 estquod
642 2551 670 2598 ot
685 2541 848 2596 indumentis
862 2555 920 2594 ont·
968 2547 1062 2602 dueum
1076 2528 1185 2594 diffidi.
1207 2537 1232 2582 ti
1245 2527 1374 2582 ἆθδῐᾶθΐίῦ
1398 2526 1492 2591 multu,
1507 2536 1531 2580 ti
1545 2525 1664 2593 finitima.
1678 2536 1703 2582 ⁶⁸
1714 2542 1760 2582 ⁸⁰·

132 2629 207 2683 nium
221 2645 270 2684 nos
283 2629 445 2685 novissimos
458 2631 588 2701 deputare
605 2632 745 2686 debemus.
771 2628 838 2684 ilinc
855 2629 920 2684 Cas·
969 2623 1034 2686 ⁶50⁰,
1049 2637 1107 2692 quo
1117 2629 1236 2691 missili!
1253 2619 1370 2674 'immi
1391 2618 1418 2671 ⁵¹¹
1440 2617 1573 2671 *mmm
1587 2626 1611 2672 ‘¹
1638 2616 1760 2689 imm*

132 2717 227 2772 sianus
244 2718 310 2774 dicit
328 2736 335 2772 ε
350 2718 462 2789 Oportet
484 2729 515 2775 ut
532 2722 594 2776 talis
619 2723 654 2776 sit
669 2721 753 2776 uestis
773 2718 897 2775 monachi
911 2760 919 2782 ,
970 2728 1027 2767 nem
1041 2710 1067 2783 (l
1077 2709 1144 2766 lim.
1156 2710 1205 2781 vr).

134 2822 196 2876 que
206 2824 305 2878 corpus
315 2819 469 2881 contegens,
487 2818 591 2866 tanmm
609 2812 798 2868 verecundiam
814 2810 921 2865 nudiq—
1005 2801 1156 2856 Femuruliu
1166 2802 1193 2854 bi
1202 2802 1246 2872 qui
1258 2802 1285 2854 in
1300 2802 1341 2856 niu
1353 2801 1544 2872 diripumorde
1555 2799 1681 2855 umiuriu
1692 2798 1761 2853 occi·

134 2899 170 2953 tis
182 2899 313 2968 repellat,
331 2907 358 2954 et
372 2898 480 2970 frigoris
495 2901 622 2955 retundat
636 2901 775 2971 injurium,
794 2915 847 2953 non
861 2913 921 2967 quac
969 2895 1052 2965 quiunt,
1066 2910 1125 2965 qaue
1135 2902 1288 2948 reuertentes
1302 2891 1356 2946 luto
1368 2892 1404 2946 tlt
1417 2892 1566 2946 residuunt.
1594 2889 1632 2946 m
1652 2887 1761 2946 mede

135 2989 305 3044 occasionem
326 2990 454 3044 vanitatis
474 2991 601 3045 enutriat.
627 2989 692 3057 Quae
719 2991 756 3044 ita
784 2989 820 3043 sit
840 2987 920 3051 vilis,
970 2994 994 3039 et
1007 2984 1164 3039 tunicusint
1179 2982 1358 3054 aliquantulis
1369 2999 1434 3055 qous
1449 2981 1543 3036 babere
1554 2979 1627 3037 soliti
1645 2983 1698 3036 sint
1709 2996 1761 3037 sto·

134 3086 165 3132 ut
178 3078 250 3132 nulla
262 3078 361 3133 coloris
380 3078 423 3133 rel
437 3079 642 3147 compositionis
654 3079 773 3132 novitate
787 3076 858 3131 inter
868 3090 920 3130 c‘c-
971 3076 1058 3142 liures,
1073 3093 1138 3148 quus
1152 3087 1273 3132 exeuntes
1286 3078 1314 3132 iu
1324 3077 1392 3132 oium
1402 3077 1531 3148 uscipiunt
1543 3076 1577 3131 de
1590 3077 1725 3143 maincia
1737 3083 1762 3132 α

134 3176 208 3221 teros
222 3166 319 3221 iratres
333 3166 467 3234 spiritales
480 3167 613 3222 habeatur
639 3168 769 3238 insignis,
784 3174 811 3222 et
830 3167 867 3220 ita
883 3165 920 3219 sit
972 3177 1124 3221 reuertentes
1135 3167 1203 3222 lutus
1213 3167 1249 3221 ibi
1262 3167 1410 3222 restituunt.
1432 3166 1616 3221 femoralium
1627 3182 1695 3222 usus
1709 3166 1761 3223 cai·

135 3255 293 3310 astudiosis
311 3254 454 3324 superfluis
468 3256 687 3312 accurationibus
701 3255 800 3321 aliena,
817 3253 918 3309 utnui-
971 3274 1051 3328 qnam
1061 3266 1103 3312 est
1112 3257 1317 3329 permittendus,
1342 3257 1459 3312 maxime
1481 3257 1522 3312 bis
1548 3255 1592 3326 qui
1609 3256 1761 3313 ministerio

134 3347 168 3402 lis
184 3346 280 3401 iterum
300 3361 349 3417 per
362 3347 494 3402 incuriam
509 3348 630 3409 collectis
651 3355 698 3402 ant
712 3347 809 3402 tecutis
829 3363 845 3401 a
862 3362 922 3402 sor-
971 3349 1142 3418 implicantur
1163 3347 1267 3403 altads.
1294 3345 1346 3403 Sed
1360 3348 1449 3402 etboc
1461 3346 1490 3401 ‚si
1504 3344 1615 3401 studere
1627 3345 1755 3414 nuluud,

135 3439 215 3493 dibus
236 3438 273 3494 sit
296 3438 435 3493 deformis.
467 3439 608 3495 Postremo
631 3439 672 3495 sic
696 3440 753 3510 ipsa
779 3439 863 3494 restis
886 3439 921 3492 ab
971 3437 1208 3509 reprehendendus
1218 3452 1272 3491 non
1286 3436 1349 3503 erit,
1376 3452 1438 3492 cum
1460 3421 1635 3505 nuncusque
1657 3443 1761 3492 coum

134 3529 215 3600 hujus
229 3529 321 3584 mundi
335 3536 475 3599 separetur
487 3538 595 3596 ornatu,
610 3539 640 3585 nt
653 3530 680 3584 in
692 3530 764 3585 omni
777 3545 920 3584 serrorum
970 3528 1099 3599 pleraque
1113 3529 1185 3584 bunc
1199 3542 1277 3583 usum
1293 3526 1458 3583 monasteria
1473 3527 1556 3583 etiam
1572 3525 1602 3582 in
1616 3525 1662 3582 liis
1676 3526 1760 3599 reglu-

135 3620 183 3675 liei
197 3620 270 3675 uultu
284 3621 435 3675 communis
459 3621 503 3676 sib
523 3621 591 3676 Nam
609 3623 739 3692 quidquid
754 3621 922 3677 interiamu-
970 3619 1051 3676 nibus
1072 3632 1125 3674 non
1149 3617 1258 3672 babere.
1287 3615 1363 3684 Quod
1387 3631 1452 3674 reru
1475 3614 1590 3672 dicitdc
1609 3615 1762 3674 cuotdlisot

136 3707 177 3762 los
196 3696 243 3762 liei
264 3724 317 3762 non
338 3708 372 3763 ab
388 3709 514 3765 omnibus
539 3718 665 3775 tenetur,
689 3712 737 3766 sud
754 3713 789 3766 ab
812 3727 866 3767 runo
880 3712 922 3767 vul
972 3709 1080 3775 tunicis,
1104 3709 1158 3763 sint
1170 3709 1369 3778 aliquantupro
1381 3707 1425 3761 via
1452 3705 1579 3762 meliores
1593 3720 1678 3777 quam
1691 3705 1760 3764 soliti

135 3797 262 3867 apaucis
275 3797 463 3867 presumitur,
492 3806 538 3852 aut
565 3797 728 3868 snperllnum
752 3805 799 3851 aut
820 3799 921 3854 clatum
972 3799 1155 3864 sunthabere,
1182 3799 1209 3853 in
1224 3798 1333 3854 illisest
1352 3796 1509 3868 regionibus
1526 3794 1693 3865 fodendum,
1717 3798 1760 3855 abi

135 3897 192 3949 est,
214 3895 241 3943 et
259 3894 369 3957 propter
387 3888 439 3942 boc
456 3887 566 3942 noxium
582 3886 757 3956 judicandum
772 3896 825 3952 est,
845 3889 918 3957 quod
972 3889 1086 3943 nullium
1097 3887 1195 3943 vilibus
1205 3887 1277 3943 soliti
1291 3896 1354 3942 sunt
1368 3887 1407 3943 uti
1421 3887 1599 3944 vestimentis.
1628 3886 1680 3944 ilbi
1695 3901 1759 3943 vcro

135 3977 222 4046 magis
240 3991 293 4031 non
311 3975 419 4031 virtutis
438 3976 566 4046 speciem,
586 3975 768 4032 sedaanitatis
785 3977 920 4032 ostendat.
972 3978 1083 4033 meliora
1108 3984 1171 4032 sunt
1190 3977 1362 4042 vestimenta,
1388 3991 1442 4032 non
1456 3983 1517 4031 sunt
1534 3983 1650 4047 propter
1660 3975 1758 4035 iilum

170 4065 257 4120 Ablue
269 4073 356 4119 ostem
366 4064 677 4136 demensurupruuideut,
688 4072 775 4118 staua
784 4066 836 4118 sint
847 4076 923 4120 canu
973 4067 1172 4123 commutanda.
1206 4065 1356 4122 Femoralia
1370 4066 1443 4121 enim
1458 4074 1523 4122 sunt
1544 4065 1633 4131 dicta,
1646 4080 1680 4122 eo
1690 4068 1761 4139 qaod

134 4155 364 4225 ipsuuestimuntu,
378 4154 617 4219 nundinatius&
634 4165 795 4210 mensurata.
811 4155 840 4210 Si
850 4157 922 4211 enisu
973 4158 1076 4214 lemora
1091 4166 1195 4229 tegunt,
1212 4158 1269 4228 ipsa
1282 4165 1310 4213 et
1321 4156 1467 4223 seminalia,
1484 4157 1542 4228 ipsa
1565 4157 1765 4217 unumd-

136 4243 236 4299 lourint
248 4245 406 4299 vestimenta
425 4252 519 4310 curta,
537 4253 616 4300 urunt
628 4245 789 4310 ridiculum
806 4246 829 4300 si
843 4246 924 4302 niuils
973 4254 1069 4308 cianus.
1088 4249 1425 4320 ldeubraccas,quiasunt
1438 4249 1544 4305 breues.
1564 4249 1761 4309 Brachiueuin

135 4336 224 4406 longa,
237 4335 464 4391 cruntdamnosa.
475 4335 543 4390 Nam
553 4336 833 4393 sicutdercstimento
846 4345 924 4392 curto
975 4343 1068 4399 nuncu
1089 4341 1171 4396 breue
1185 4340 1295 4395 dicitnr.

136 4434 280 4497 perscrutor
300 4426 453 4491 odierium,
478 4426 518 4482 sic
538 4427 612 4482 etde
633 4427 714 4482 nimis
737 4426 818 4498 longo
841 4428 962 4516 pannio
1012 4429 1162 4486 &ramento
1177 4428 1760 4502 uatemlecturumsufficiunt,rnuttu,su5sm,

135 4517 274 4572 damnum.
291 4515 361 4587 Ergo
372 4531 406 4572 ne
417 4516 469 4572 ista
481 4516 651 4587 proveniant,
668 4515 734 4571 itant
746 4516 837 4573 omnia
849 4531 922 4572 men·
973 4527 1032 4581 tenu
1044 4529 1068 4576 et
1079 4518 1198 4590 capitale.
1218 4517 1318 4590 sagum
1329 4518 1461 4575 Gallicum
1472 4533 1569 4576 nomeu
1584 4529 1639 4577 est.
1654 4521 1759 4578 Dictum

137 4615 239 4661 curata.
972 4620 1062 4669 uotum
1076 4625 1170 4681 sagum
1191 4609 1333 4678 quadrum,
1360 4608 1477 4680 eoquod
1501 4609 1760 4683 auuouusprtmun

172 4696 331 4767 decipientes
342 4707 510 4764 ranunculum
521 4714 621 4769 semper
629 4699 737 4753 reddunt
750 4700 779 4754 in
788 4701 921 4770 presenti,
971 4703 1133 4775 quadratum
1144 4698 1187 4752 vel
1206 4696 1377 4768 quadriplam
1395 4706 1476 4754 essct.
1508 4697 1670 4758 Nosautfln
1683 4699 1760 4757 nob

138 4789 285 4858 reponenda
300 4790 328 4844 in
338 4791 460 4846 vestiario
473 4799 578 4862 propter
592 4806 728 4861 pauperes.
743 4790 812 4846 ilinc
826 4791 922 4847 beatus

137 4877 303 4934 Fructuosus
315 4880 368 4935 ait:
381 4880 514 4950 Quidquid
529 4879 745 4945 investimentis,
757 4879 921 4937 calceamen-

139 4968 174 5023 tis
183 4969 225 5024 rcl
240 4970 383 5028 lecticariis
396 4974 588 5029 monachorum
599 4978 735 5026 vetustum
749 4970 843 5037 luerit,
857 4973 920 5028 dnm

138 5073 206 5112 nova
217 5056 381 5129 percipiunt,
399 5069 484 5116 tutum
498 5063 532 5117 ab
544 5061 642 5117 abbate
653 5061 815 5132 pauperibus
826 5077 920 5132 erogo-

139 5155 194 5203 tur.
219 5146 287 5201 ilinc
301 5156 329 5201 et
339 5147 498 5206 Aurelianus
519 5151 585 5206 dicit
602 5169 609 5204 :
625 5148 654 5205 Si
667 5147 732 5219 quid
749 5163 814 5203 seru
827 5164 920 5218 super·

137 5237 220 5292 luerit
229 5253 262 5292 ex
279 5236 371 5291 usibus
386 5236 499 5293 fratrum
513 5239 540 5293 in
552 5255 629 5305 auro,
644 5247 690 5294 aut
701 5239 866 5303 incestibus,
878 5239 919 5294 vel

972 4812 1021 4867 pur
1045 4791 1253 4849 diminutionem
1267 4803 1282 4843 a
1296 4804 1373 4860 sago,
1384 4790 1513 4862 sagellum
1530 4790 1658 4847 domus.
1689 4789 1760 4849 iuda

973 4898 1038 4938 reru
1054 4881 1158 4952 species
1164 4878 1250 4934 restis
1262 4877 1363 4933 villose
1372 4886 1415 4933 est
1429 4894 1510 4951 quam
1522 4895 1680 4952 nosoopanr
1694 4879 1759 4954 tat,

974 4969 1076 5042 ursam]
1104 4968 1230 5031 dicimus,
1251 4964 1297 5021 alii
1323 4980 1388 5022 vero
1411 4965 1553 5038 galnapem
1567 4981 1631 5023 eam
1652 4978 1758 5025 vocant.

974 5056 1093 5133 C‘apitale
1108 5059 1282 5123 autemdicit,
1298 5061 1370 5130 quod
1382 5075 1432 5116 nos
1447 5059 1613 5132 plumacium
1634 5060 1758 5119 dicimus

974 5158 1012 5212 liu
1028 5154 1080 5209 bac
1093 5151 1224 5208 sententia
1249 5158 1277 5205 et
1295 5149 1414 5207 isidorus
1440 5151 1519 5206 dicit:
1537 5149 1698 5221 Speciosam
1719 5152 1759 5210 rut

974 5244 1076 5299 uariam
1091 5241 1284 5311 supellectilem
1296 5242 1428 5298 monacho
1441 5241 1540 5298 habene
1554 5257 1611 5299 non
1621 5244 1686 5302 licet
1695 5263 1704 5311 ;
1714 5260 1757 5302 cs-

137 5327 288 5389 ceilerario.
304 5335 415 5382 sanctus
429 5328 511 5383 abbas
529 5344 578 5397 per
593 5344 690 5383 munus
704 5328 862 5398 provisoris,
875 5337 922 5382 ant
967 5333 1013 5402 jus
1024 5338 1125 5387 stratus
1137 5329 1191 5384 erit
1201 5328 1335 5393 storea,'et
1348 5329 1653 5403 stragulumpellesque
1665 5318 1758 5390 laam

137 5419 340 5490 perquamlibet
352 5434 492 5490 personam
507 5419 612 5475 fidelem
621 5422 792 5491 pauperibus,
803 5422 922 5491 peregri·
972 5427 1042 5490 iture,
1063 5424 1184 5496 galnapis
1199 5438 1316 5494 quoque,
1331 5431 1359 5480 et
1379 5421 1549 5498 facitergium
1581 5429 1757 5500 gemimus

138 5514 182 5568 nis
198 5514 369 5584 autcaptisis
384 5512 466 5568 iaciat
478 5510 639 5581 dispensari.
666 5513 832 5569 Vestimenta
857 5528 922 5570 uero

138 5611 240 5668 nemra,
253 5619 314 5658 cum
332 5618 399 5659 nova
412 5602 562 5675 accipiunt,
577 5602 668 5657 abbati
688 5602 840 5671 retundant,
853 5604 921 5660 inci-

140 5688 275 5757 niunubus
288 5703 335 5750 aut
346 5696 507 5768 pauperibus
519 5692 671 5765 eroganda.

973 5515 1005 5568 ad
1022 5514 1247 5584 caputpnluillus.

1008 5608 1074 5670 Quo
1089 5613 1177 5677 tumea
1197 5604 1264 5660 lectu
1283 5605 1433 5677 sequenter
1447 5609 1479 5660 ub
1495 5607 1590 5662 abbate
1616 5604 1758 5662 unium

971 5707 1041 5764 suunt,
1056 5705 1161 5766 propter
1177 5712 1242 5752 unua
1256 5696 1398 5769 pecrdime,
1412 5713 1444 5753 ne
1455 5696 1614 5755 inueniatur.
1634 5696 1671 5754 Et
1682 5697 1706 5754 si
1716 5690 1756 5752 cul
