3810 6120
96 283 152 341 ass
397 265 400 271 ’
506 282 765 340 cotascrtosns
784 283 817 338 tu
837 284 1027 342 aristatas
1042 286 1086 341 nr
1105 286 1312 344 erasurus.
1675 295 1728 354 act

94 404 240 476 ptuassinta
252 401 459 466 transtulerunt,
473 404 497 456 ia
507 411 538 477 τῇ
552 406 703 458 ταπεινώσει
716 405 731 460 i
747 406 828 476 aptet.-
843 404 887 456 ai·
901 402 994 463 Alunt
1010 403 1035 457 itt
1053 403 1154 473 Spiritu
1173 414 1267 460 saneto
1280 403 1377 461 secisse
1395 414 1536 472 testantur,
1551 417 1581 463 ut
1595 408 1729 486 llierony.

96 502 142 554 rai
155 494 232 568 apta,
252 493 279 548 td
294 501 347 557 est,
360 493 388 547 iu
400 493 554 548 bumilitate
575 493 706 564 judicium
721 494 781 563 ejus
796 493 887 549 subla·
940 508 1001 548 tuus
1014 494 1114 563 prolia.
1135 494 1202 550 Nam
1216 505 1244 551 et
1259 496 1386 553 similiter
1397 496 1499 554 laetum
1514 498 1614 571 legitur
1628 501 1662 559 de
1676 504 1729 560 lla·

94 592 155 638 tum
168 590 222 646 est,
236 580 467 653 illutlsiguiheat,
481 583 553 653 quod
570 584 604 638 de
618 583 792 639 tribulatione
805 593 888 653 atoue
938 584 1022 639 bacae
1038 595 1162 655 portante
1176 589 1318 659 prandium
1333 590 1447 646 Danieli.

92 683 197 754 judicio
209 683 245 737 ad
256 682 365 737 Patrem
380 681 468 736 victor
489 682 659 747 ascenderet,
683 682 741 738 sire
762 681 833 751 quod
844 679 888 749 ju·
974 676 1112 749 Philippus
1126 690 1213 735 autem
1228 681 1348 737 inventur
1362 693 1400 737 eat
1414 684 1442 738 in
1454 685 1548 741 Arato.
1567 685 1670 744 Azotos
1680 703 1728 760 op-

92 776 145 831 dex
159 775 282 831 omniunt
292 774 387 844 judieii
400 789 453 828 non
469 776 570 843 reperit
597 775 748 840 reritatetn,
764 775 812 830 sed
827 776 888 831 abs-
937 770 1030 839 pillum
1045 780 1086 826 est
1106 773 1210 842 insigne
1233 773 1392 841 Palaestine,
1408 777 1479 846 quod
1504 777 1634 836 llebraiee
1646 796 1728 837 raea-

91 881 147 936 aue
160 865 215 920 ulla
240 863 319 933 culpa
343 864 476 920 seditione
500 862 654 919 ludaeorum
672 872 701 919 et
728 863 807 918 Pilati
821 878 888 919 roce
937 870 992 928 tur,
1004 874 1106 929 mamre,
1118 865 1220 930 Asdod,
1233 868 1260 922 in
1273 879 1346 926 sorte
1368 872 1457 928 tribus
1479 870 1565 936 ludae,
1579 880 1607 927 ct
1617 883 1660 928 est
1672 889 1726 929 una

91 958 239 1015 damnatus
266 957 313 1020 sit,
329 956 366 1009 ita
397 962 427 1010 ut
453 955 634 1009 admiraretur
658 956 799 1025 propbeta,
814 955 888 1025 quod
937 954 971 1009 de
993 957 1112 1026 qttinque
1128 958 1192 1013 olim
1206 960 1361 1016 civitatibus
1387 962 1601 1035 Allopbylorum,
1617 967 1660 1020 eui
1683 967 1727 1021 dc

90 1050 215 1106 omniunt
228 1047 300 1103 Deus
311 1063 342 1102 se
356 1046 499 1102 tradiderit
512 1045 642 1114 passioni.
669 1046 706 1099 lle
717 1060 771 1114 qno
785 1044 886 1099 Paulus
936 1058 1010 1103 creta
1029 1047 1090 1112 luit,
1106 1051 1154 1105 setl
1176 1066 1228 1106 nou
1241 1060 1344 1108 retenta
1358 1056 1391 1110 ab
1404 1070 1446 1120 ea,
1462 1055 1526 1127 quia
1552 1070 1726 1127 nequaquam

90 1140 234 1210 loquitur:
250 1135 280 1193 Si
298 1138 368 1192 enim
379 1136 561 1200 credidissent,
589 1150 723 1204 rruaqaara
743 1133 886 1187 Doctrinam
936 1145 1041 1193 veteres
1052 1139 1159 1195 accolas
1170 1141 1259 1210 potuit
1271 1143 1413 1213 expellere.

88 1231 184 1302 moria
197 1228 390 1297 crucifixissent
403 1223 428 1297 (l
461 1224 523 1279 Cor.
548 1224 590 1295 tt).
606 1224 756 1293 Sequitur:
771 1219 886 1276 Getttrtt·
971 1226 1006 1282 Et
1029 1218 1206 1298 pertransiens
1227 1234 1422 1304 caanpelizabat
1440 1237 1588 1292 ciuitatibus
1608 1238 1720 1300 cunctis,

88 1329 189 1374 tranem
201 1316 272 1371 illius
284 1318 342 1387 qais
355 1314 489 1370 enarrabit
504 1315 517 1368 :²
535 1313 611 1381 Quod
623 1313 766 1382 dupliciter
787 1312 885 1367 intelli·
935 1317 1017 1372 donec
1031 1320 1127 1374 reniret
1139 1319 1297 1376 Cauaseum.
1312 1324 1436 1380 Caesarea
1450 1327 1598 1382 Palaestinae
1614 1328 1726 1393 dicitur,

88 1413 177 1482 gitur,
193 1419 239 1466 aut
253 1410 325 1466 enim
339 1408 373 1465 de
399 1408 539 1463 divinitate
560 1406 618 1475 ejus
637 1406 822 1476 accipiendum
832 1415 884 1472 ast,
934 1408 980 1463 ubi
1004 1409 1074 1464 inira
1100 1412 1210 1467 domant
1236 1413 1363 1469 habuisse
1388 1416 1550 1472 describitur
1572 1418 1723 1489 Philippus,

88 1500 339 1572 qaodiutpossihile
353 1500 498 1555 sitdirince
510 1499 661 1554 nativitatis
679 1513 760 1553 nosse
785 1505 886 1568 myste·
934 1514 1091 1570 abacosque
1104 1502 1184 1556 bodie
1199 1504 1410 1568 demonstratur,
1425 1521 1542 1563 necnon
1563 1516 1590 1563 et
1614 1510 1724 1564 eubicu-

88 1594 145 1649 ria.
158 1593 198 1648 lle
208 1609 264 1664 qua
279 1593 338 1663 ipse
352 1591 471 1663 loquitur
483 1592 510 1646 ln
526 1591 679 1645 Proverbiis
692 1606 699 1643 :
712 1588 779 1643 Ante
797 1604 884 1642 arnna
934 1589 988 1643 lum
1002 1599 1120 1660 quatuor
1140 1591 1257 1647 siliarum
1275 1593 1335 1662 ejus
1347 1595 1482 1666 virginum
1493 1597 1725 1668 pmphetantluut.

87 1683 171 1739 calles
197 1684 328 1755 peraravit
346 1700 387 1737 ane
414 1681 506 1754 (Prae.
535 1682 608 1753 arn).
628 1680 709 1736 latta
727 1681 792 1735 ibud
812 1680 884 1749 quod
933 1678 1064 1737 Cesarea
1080 1681 1205 1739 civitates
1219 1684 1354 1741 duaesuttt
1369 1685 1480 1741 interra
1495 1688 1723 1758 repromissionis.

86 1775 156 1830 alibi
184 1773 318 1846 legintos:
336 1773 402 1840 Quis
423 1774 542 1843 copaoait
567 1789 672 1828 sentam
697 1772 817 1838 Dantini,
834 1782 881 1826 aar
898 1751 921 1812 B
936 1772 994 1828 Una
1006 1773 1129 1831 Caesarea
1148 1775 1297 1832 Palaestinae
1313 1779 1340 1832 in
1353 1777 1442 1833 bttore
1463 1779 1547 1834 maris
1560 1778 1658 1850 hlagni,
1675 1781 1724 1835 ita-

86 1866 258 1921 coatriliarias
274 1867 333 1937 ejus
360 1866 410 1937 fait
432 1856 518 1936 (Rom.
533 1864 582 1936 ιι),
599 1865 625 1919 id
649 1872 700 1930 est,
726 1864 824 1930 nullus,
836 1872 884 1918 aut
932 1880 986 1934 que
1000 1850 1135 1935 quendam
1149 1866 1261 1938 Pyrgos,
1278 1868 1306 1922 id
1320 1877 1372 1930 est,
1388 1870 1472 1924 turris
1497 1869 1632 1925 Stratonis
1650 1871 1722 1927 dicta

86 1956 122 2012 de
135 1963 215 2027 partu
230 1957 344 2028 virginis
356 1957 428 2026 quad
447 1954 592 2011 uitucnber
604 1956 690 2027 possit
710 1957 819 2026 erponi,
833 1956 881 2011 de·
932 1967 985 2021 est,
998 1957 1045 2012 sed
1059 1957 1094 2011 ab
1106 1957 1211 2013 llerode
1227 1956 1395 2028 negeturne
1402 1958 1518 2013 nobilius
1530 1968 1558 2014 ει
1569 1958 1722 2030 pulchrius.

85 2046 170 2115 nique
185 2061 248 2101 cum
265 2046 357 2101 llariae
373 2047 510 2101 diceretur
531 2047 565 2101 ab
579 2047 674 2116 angelo
689 2053 696 2100 ἰ
712 2045 881 2117 denumerat
932 2053 960 2101 et
970 2054 1065 2100 contra
1077 2047 1133 2100 rim
1148 2048 1229 2101 maris
1239 2055 1323 2102 rnutn
1333 2048 1425 2103 utilius
1437 2058 1586 2114 exstructa,
1599 2050 1626 2104 in
1638 2052 1722 2106 bono·

84 2139 176 2207 parier
196 2137 293 2206 filiam,
311 2137 365 2192 illa
382 2138 541 2207 respondit:
560 2136 636 2191 Unde
663 2138 729 2191 milri
746 2137 805 2202 trac,
818 2138 881 2208 qaia
933 2151 990 2190 rem
1004 2135 1122 2191 Caesaris
1132 2137 1244 2208 Augrtsti
1258 2137 1381 2194 Caesarea
1399 2140 1588 2209 cogitaminata
1602 2148 1654 2196 est.
1669 2141 1720 2209 Qui

84 2228 239 2282 mnmnon
261 2229 378 2298 capnaai,
404 2229 447 2283 cui
471 2245 577 2283 rursum
597 2229 709 2299 angelus
728 2247 735 2283 ε
753 2229 880 2301 Spiritus,
932 2229 1014 2282 etiam
1031 2227 1158 2297 templum
1179 2229 1205 2281 in
1219 2243 1252 2282 oa
1272 2243 1407 2283 marmore
1424 2228 1487 2284 albo
1509 2230 1677 2295 construxit,
1692 2210 1720 2286 itt

83 2319 186 2389 inquit,
217 2331 324 2375 sanctur
356 2323 438 2376 ueniet
456 2339 535 2392 artper
555 2332 590 2389 tc,
610 2332 633 2377 et
657 2321 880 2377 cirtasAltisclmi
930 2333 983 2389 qua
996 2333 1080 2389 nepos
1094 2320 1153 2390 ejus
1167 2319 1288 2374 llerotles
1301 2321 1335 2376 ab
1345 2321 1441 2390 angelo
1454 2336 1607 2390 percussus,
1624 2321 1722 2378 Corne·

82 2411 252 2466 obumbrabit
267 2422 293 2467 te
317 2411 393 2484 (lac.
406 2412 438 2483 t),
455 2423 483 2468 ut
497 2413 536 2468 vel
550 2414 646 2484 angelo
673 2413 716 2468 rel
731 2415 765 2470 ab
778 2414 880 2484 angelis
931 2407 984 2462 lius
1003 2410 1128 2464 centurio
1138 2409 1312 2479 naptiaatus,
1341 2419 1368 2464 et
1380 2411 1489 2482 Agapus
1504 2411 1637 2481 propbeta
1652 2426 1720 2465 zoua

82 2510 194 2558 tantum
207 2504 359 2560 nativitatis
373 2505 453 2577 hujus
472 2515 642 2562 sacramenta
654 2506 791 2574 dieantur,
803 2506 880 2575 cuius
930 2497 1007 2554 Pauli
1033 2499 1131 2570 libabis
1157 2507 1198 2554 Psi
1224 2499 1293 2571 (tm-
1313 2499 1381 2569 ffli-
1409 2501 1503 2556 Altera
1520 2517 1585 2556 lew
1598 2500 1721 2556 Caessllffl

81 2601 215 2649 narrator
229 2594 384 2651 rarissimus
406 2604 457 2652 est.
930 2590 1067 2661 Philippi,
1092 2593 1169 2663 cuijus
1198 2592 1373 2664 Evangelium
1399 2593 1522 2647 meminit
1541 2606 1601 2648 esse
1627 2599 1724 2646 tetrar«

121 2684 248 2752 Aperiens
263 2693 351 2739 atatem
368 2683 503 2756 Philippus
517 2703 546 2756 aa
559 2704 636 2742 rauna
662 2687 827 2758 reincipiens
847 2705 863 2741 a
930 2682 1037 2746 abiam,
1052 2682 1086 2736 atl
1099 2681 1203 2737 radices
1216 2683 1317 2737 moritis
1331 2681 1426 2736 Libani
1439 2679 1527 2744 laeta,
1541 2693 1568 2735 ct
1579 2683 1605 2736 in
1616 2683 1720 2736 bonore

83 2770 229 2843 Scriptura
253 2774 319 2840 ista,
346 2783 399 2831 etc.
420 2776 471 2846 (Es
485 2777 613 2850 Primae.)
633 2777 771 2849 Pbllippus
795 2778 880 2833 inter·
930 2771 1045 2827 Caesaris
1059 2771 1246 2841 cognominata
1260 2780 1310 2828 cst.
1324 2771 1377 2828 Sed
1389 2781 1416 2828 et
1426 2773 1505 2828 tertia
1515 2772 1638 2828 Caesarea
1651 2772 1678 2827 C:
1690 2788 1726 2844 p-.

80 2874 211 2936 pretatur
224 2883 257 2922 as
268 2867 411 2938 lampadis,
434 2868 599 2940 pulcherque
624 2882 667 2927 est
687 2886 793 2936 seusus,
808 2868 879 2940 quad
929 2862 1049 2934 padocite
1062 2861 1221 2932 metropolis
1244 2871 1297 2928 est,
1314 2862 1391 2933 cttjus
1403 2862 1489 2918 Lucas
1501 2863 1539 2916 ita
1565 2862 1688 2918 meminit
1709 2879 1723 2915 :-

80 2973 117 3013 os
130 2956 265 3026 lampadis
275 2974 353 3014 suum
366 2960 486 3031 aperiret
499 2977 542 3026 os,
553 2961 617 3016 dum
631 2963 748 3018 obscura
763 2961 879 3032 prophe-
929 2951 1094 3007 Descendens
1108 2949 1256 3007 Casureana
1270 2962 1293 3006 ct
1308 2951 1430 3007 salutarit
1444 2950 1601 3007 Ecclesiam.

80 3050 133 3106 tiae
154 3051 183 3105 in
209 3051 329 3107 scientiar
352 3053 440 3108 lucem
467 3053 580 3123 pmiert.
605 3053 734 3123 Qttamris
756 3061 785 3108 ct
801 3055 879 3124 juxta
930 3061 1127 3132 Eprcditarbic
1142 3060 1305 3132 Smaraadaa
1322 3064 1484 3116 arncntioac
1502 3063 1615 3117 auratis
1628 3061 1724 3118 Clean·

79 3141 229 3199 historiam
261 3143 348 3213 possit
362 3143 412 3198 ista
437 3144 640 3201 ciretrmlocatio
671 3145 814 3215 designare
828 3143 877 3200 ali·
967 3148 1024 3215 ml,
1043 3133 1070 3187 51¹
1096 3133 1201 3213 narniae
1217 3133 1350 3215 “dmum
1365 3142 1388 3185 θ’
1403 3132 1519 3214 f⁰s⁰l²⁴J¹¹
1538 3149 1597 3214 (Μ’
1615 3144 1675 3188 *um
1691 3135 1721 3189 ia

78 3242 188 3302 quanm
217 3232 366 3305 longiorem
395 3233 531 3289 [mummi
555 3243 620 3291 tunc
657 3249 717 3291 esse
734 3235 793 3302 ems
822 3250 876 3291 ser·
965 3200 1209 3272 Actrsapastolrrrr.
1224 3201 1466 3258 hademhuheatur
1486 3220 1514 3257 aa
1532 3202 1703 3274 Hieronymo.

79 3339 206 3381 monem.
963 3314 1015 3370 Sed
1027 3313 1089 3385 quia
1103 3313 1130 3367 in
1144 3312 1196 3367 hoe
1215 3312 1276 3368 loeo
1288 3312 1321 3368 de
1342 3312 1498 3370 ciritatibus
1520 3313 1625 3385 ¹mentio
1644 3314 1714 3368 taeta

117 3412 155 3469 Et
172 3415 237 3471 darn
252 3416 320 3472 irent
349 3435 397 3489 per
428 3419 495 3473 niam
520 3427 645 3473 veneram
677 3417 712 3472 aa
734 3421 876 3489 quamdam
925 3415 978 3472 est,
990 3404 1176 3461 necessarium
1191 3403 1327 3468 duximus,
1342 3413 1371 3458 ut
1386 3404 1420 3459 de
1433 3403 1555 3475 pluribus
1569 3404 1647 3459 istius
1656 3403 1718 3460 libri

79 3520 193 3574 aaran.
211 3505 262 3561 Est
283 3506 363 3563 bodie
385 3507 503 3564 bethsur
525 3508 582 3563 rive
600 3507 731 3563 bethsoro
755 3510 831 3565 ricus
849 3511 875 3566 p„
926 3494 1364 3565 ciuitatibus,locis‚prorioeiisre
1376 3494 1541 3549 mentionem
1557 3493 1584 3547 in
1595 3494 1647 3549 boc
1658 3493 1718 3549 loco
1811 3516 1821 3531 ι

79 3595 159 3652 tribu
172 3595 252 3665 luda,
265 3598 327 3654 sire
352 3598 491 3668 &njamtn
514 3599 641 3654 euntibus
663 3601 697 3655 ab
712 3599 787 3654 aelia
804 3600 875 3657 cpe.
926 3587 1066 3642 iaciamus.
1094 3585 1294 3641 Acheldemach
1316 3585 1400 3638 estin
1416 3583 1503 3649 liclia,
1523 3582 1557 3637 ad
1570 3583 1716 3638 australem

78 3691 155 3748 bron
168 3690 301 3747 vicesimo
314 3691 442 3747 milliario
451 3691 529 3761 juxta
542 3706 622 3761 quem
634 3691 697 3746 lons
708 3692 743 3747 ad
756 3692 875 3747 radicem
926 3678 1032 3749 Philam
1047 3676 1146 3733 m⁰¹¹¹i⁵
1164 3674 1240 3740 550⁰,
1255 3689 1315 3744 ⁴1¹¹ae
1326 3672 1457 3728 hlclesslss
1467 3670 1544 3741 luna
1563 3670 1717 3729 turonorum

80 3782 342 3847 montisebulliena
358 3784 393 3838 ab
415 3784 508 3839 eadem
539 3799 591 3854 qun
605 3783 735 3853 gignitur,
750 3785 876 3840 sorbetur
926 3769 1067 3826 consilium
1084 3777 1205 3824 mortuos
1232 3766 1365 3838 ignobiles
1392 3774 1464 3820 terra
1479 3765 1557 3836 tegit,
1584 3765 1717 3819 aliossub

80 3870 178 3927 bano.
196 3871 385 3942 Apostolorum
406 3872 471 3928 Aeta
495 3873 616 3928 referunt
638 3872 768 3949 inhujus
793 3875 875 3930 viculi
926 3861 987 3916 diro
1001 3859 1157 3930 putrefacit.
1172 3858 1235 3915 Asia
1249 3859 1391 3929 regioque
1402 3856 1717 3927 blittorcognominatur,

71 3964 160 4023 sane
174 3963 327 4018 eunuchum
340 3978 355 4017 a
370 3962 494 4034 Philippo
507 3963 592 4019 tuisse
610 3963 788 4034 baptizatum.
807 3965 875 4019 Nam
925 3954 1045 4024 utrtlique
1055 3953 1220 4009 circumdata
1231 3951 1360 4015 estmari,
1375 3949 1451 4019 eujus
1471 3948 1617 4018 provinciae
1640 3954 1721 4011 suut,

78 4063 128 4110 est
147 4060 178 4109 et
198 4053 250 4109 alia
266 4053 382 4110 Bethsur
396 4056 423 4110 in
445 4055 518 4111 tribu
531 4054 610 4121 luda,
627 4056 698 4111 mille
722 4073 819 4128 passus
835 4057 876 4112 di.
925 4043 1052 4115 Phrygia,
1072 4041 1237 4112 Pamphylia,
1260 4041 1281 4093 t]
1293 4040 1365 4102 licia,
1383 4038 1528 4108 Lycaonia,
1545 4036 1661 4098 Galatia,
1687 4044 1718 4094 et-

79 4159 163 4205 stans
174 4148 430 4221 ahFAeuthempoli.
926 4134 985 4190 alica
1004 4135 1104 4189 multu.
1129 4131 1229 4186 Arabia
1246 4130 1322 4200 regio
1340 4128 1410 4182 inter
1423 4127 1512 4180 sinunt
1526 4124 1721 4188 marisllubri,

118 4237 155 4292 Et
164 4239 203 4292 ait
215 4238 350 4293 manchus
372 4239 465 4294 :Ecce
478 4256 556 4310 aaran,
568 4240 627 4310 qais
647 4239 765 4306 prolatet
778 4252 818 4290 mn
829 4236 875 4290 aa.
925 4227 972 4297 qui
987 4225 1123 4288 Persicus,
1145 4232 1172 4276 et
1185 4236 1257 4284 etim,
1282 4219 1327 4290 qui
1342 4216 1473 4271 Arabicus
1484 4224 1607 4278 tueatur,
1632 4213 1720 4271 habet.

78 4329 204 4401 ptr'wi?
219 4339 244 4384 ct
250 4331 332 4400 jaasia
345 4340 415 4385 stare
433 4346 552 4393 canam,-
564 4338 589 4384 et
600 4329 788 4384 descenderunt
801 4336 874 4381 ater·
925 4326 1021 4388 pentes
1035 4315 1144 4377 multas,
1159 4311 1300 4376 bloabitas,
1314 4308 1493 4369 Ammonitas,
1511 4306 1653 4368 Mamaos,
1665 4302 1715 4358 Sa-

78 4436 135 4493 W
158 4422 188 4475 5⁸⁸
203 4439 311 4492 attam,
333 4421 471 4494 Philippus
493 4423 713 4488 caesareanas
733 4420 873 4490 baptizanta
926 4424 1049 4473 rocenac,
1070 4407 1189 4475 aliasque
1203 4419 1283 4474 qrtatn
1308 4402 1421 4473 plures:
1447 4400 1505 4454 baee
1528 4412 1605 4453 sacra
1632 4398 1717 4451 inter·

78 4527 154 4567 earn.
176 4512 290 4582 anan
301 4513 370 4568 mira
385 4513 504 4570 doctoris
522 4511 609 4566 virtus
623 4518 682 4566 erat
697 4510 724 4564 in
737 4504 872 4564 vehiculo!
924 4500 1026 4573 pretori
1045 4499 1153 4558 dicitur,
1179 4512 1212 4551 ea
1238 4495 1310 4566 qttod
1332 4494 1430 4549 odores
1451 4499 1525 4546 creet
1549 4488 1716 4545 odoriferas..

78 4601 232 4657 Eunuchus
245 4616 336 4657 sacras
346 4601 451 4656 litteras
467 4600 584 4672 legebat,
599 4598 646 4655 sed
658 4598 692 4653 de
705 4613 760 4668 quo
773 4596 876 4668 legerat
924 4592 1011 4649 Graeci
1026 4589 1161 4660 εὐδαίμων,
1179 4585 1264 4641 nostri
1279 4584 1402 4646 Bostram,
1415 4588 1590 4637 vocaverunt.
1614 4578 1710 4631 Antio-

79 4692 240 4765 ignorabat‚
254 4694 302 4749 sed
328 4700 495 4748 tamencum
519 4706 599 4762 quem
612 4691 640 4746 in
666 4689 737 4745 libro
750 4689 874 4744 nesciens
925 4684 986 4741 chia
1012 4682 1109 4737 civitas
1132 4686 1174 4733 est
1196 4677 1293 4746 Syriae,
1311 4675 1337 4729 in
1352 4689 1404 4744 qua
1416 4671 1555 4727 Barnabas
1576 4667 1720 4724 etPaulns

79 4784 203 4853 legebat,
216 4784 261 4855 pia
274 4791 366 4838 mente
388 4783 459 4838 scire
482 4780 622 4852 cupiebat,
633 4780 713 4835 Venit
736 4778 875 4849 Philippus
925 4775 1109 4845 apostolisunt
1119 4770 1246 4826 ordinati.
1262 4768 1309 4822 h‘st
1319 4766 1404 4823 atalia
1419 4765 1445 4818 in
1458 4763 1532 4828 Asia,
1542 4763 1569 4817 iu
1579 4761 1717 4831 quoidam

78 4874 270 4951 philosophus,
283 4875 403 4930 ostendit
420 4874 446 4929 ei
464 4871 568 4938 lesum,
584 4872 630 4942 qui
651 4870 759 4926 clausus
773 4867 876 4923 latebat
924 4866 1102 4936 predicantes
1113 4860 1211 4916 iudicis
1232 4860 1379 4914 dixerunt:
1411 4854 1487 4909 Vobis
1502 4853 1636 4924 opertebat
1655 4853 1696 4922 pri
1703 4882 1712 4892 -

80 4969 111 5026 in
123 4967 227 5022 littera.
253 4967 287 5022 Et
313 4966 462 5022 secondum
486 4964 566 5021 aliam
596 4963 783 5026 traditionem,
805 4960 873 5017 dixit
923 4952 1191 5025 natantlaqaircrbam
1208 4950 1265 5003 Dei.
1291 4945 1476 5016 sedquoniam
1491 4943 1621 5013 repellatis
1634 4942 1709 5003 illud,

79 5056 377 5127 Philippuseunueho:
395 5056 423 5112 Si
445 5056 534 5112 credis
549 5071 583 5111 ex
597 5053 758 5117 totocorde,
782 5051 873 5106 saluus
923 5063 982 5101 ecce
998 5043 1170 5099 cancer-timor
1197 5039 1231 5094 art
1246 5047 1332 5109 acates
1355 5035 1424 5106 (Act.
1440 5033 1511 5104 stu).
1550 5031 1711 5086 Alexandria
1750 5079 1755 5089 .

79 5148 147 5201 eris.
171 5147 205 5201 llt
229 5149 366 5219 respondit
393 5149 551 5204 eunuchus:
579 5144 668 5200 Credo
693 5145 719 5198 iu
735 5143 872 5198 Christum
924 5134 1199 5204 ciritasestAEgypti,
1223 5132 1250 5185 iu
1266 5145 1319 5198 qua
1340 5127 1411 5182 beati
1440 5127 1522 5184 liurci
1542 5125 1712 5194 evartgetisee

69 5237 168 5293 illium
182 5237 240 5304 liei,
257 5248 284 5294 ει
296 5255 330 5294 ea
350 5239 417 5294 hora
436 5238 589 5308 baptizatus
602 5242 654 5300 est,
680 5233 766 5288 idelis
785 5231 873 5288 laetus
924 5228 1043 5285 tumulus
1056 5226 1135 5280 hodie
1147 5225 1173 5278 in
1185 5220 1303 5279 Ecclesia
1317 5227 1470 5296 teneratur.
1492 5215 1661 5286 Amphipolis
1670 5222 1712 5268 est

78 5339 107 5383 et
119 5340 231 5384 sanctus
244 5337 296 5396 est,
311 5329 385 5385 etde
403 5327 535 5400 discipulo
552 5326 681 5396 magister
693 5324 805 5379 effeetus
819 5332 870 5386 est,
923 5319 1019 5373 ciuitas
1030 5315 1201 5370 Macedonia.
1226 5312 1273 5366 Est
1287 5318 1314 5365 et
1328 5310 1412 5366 altera
1423 5307 1543 5378 ejusdem
1555 5304 1671 5361 nominis
1683 5305 1709 5355 in

77 5428 108 5474 ει
121 5418 251 5489 deinceps
267 5420 438 5492 preadicatur,
453 5428 481 5473 et
493 5419 583 5490 gentis
597 5431 653 5471 sttce
672 5412 812 5485 apostolus
835 5411 872 5465 el·
925 5409 1013 5479 Syria.
1035 5405 1173 5476 Artolltauia
1191 5403 1287 5457 civitas
1297 5401 1517 5457 estllacedoaisu.
1530 5400 1577 5453 Est
1590 5394 1715 5450 etaltera.

79 5510 170 5569 iectus
183 5518 236 5566 est
924 5499 1064 5562 iuAltica,
1086 5493 1264 5565 «modicitas
1290 5491 1451 5561 Petttapolis.
1478 5489 1591 5542 Atbcttae
1613 5482 1709 5538 ciritas

25 5613 35 5658 ι
114 5599 184 5657 Cant
198 5612 287 5657 astera
298 5600 472 5657 ascendissent
488 5601 520 5656 tic
534 5616 615 5672 nqttu,
632 5597 747 5667 Spiritus
766 5593 872 5647 Pontias
923 5601 966 5648 c.-t.
980 5590 1096 5650 Achaiae,
1110 5583 1286 5656 pttttnnpbtn
1299 5582 1395 5636 studiis
1410 5581 1509 5638 dedita.
1520 5575 1595 5672 cttjus
1608 5573 1717 5671 Pyrri-us.

80 5693 170 5764 rapuit
183 5693 345 5766 Philippum,
372 5701 424 5749 ete.
441 5692 509 5748 Sunt
522 5690 633 5766 qutitlam
652 5687 697 5759 qni
724 5689 780 5742 bruc
796 5698 873 5754 :trpe—
925 5694 1029 5756 porttts,
1040 5675 1206 5753 septetuplici
1216 5674 1352 5744 rptttunlatu
1366 5687 1442 5727 nturu
1454 5662 1718 5724 earrnnauttatatsse
