3810 6120
150 304 204 364 'tot
675 305 853 363 COllllEN'l.
874 304 908 360 ΙΝ
929 302 1009 359 REG.
1032 304 1060 359 S.
1083 304 1276 362 usasbtctt.
1739 311 1792 366 tut

187 422 233 481 lte
243 422 313 478 eninr
328 421 435 478 domni
446 430 561 493 tempore
573 422 604 477 de
616 421 689 477 ionia
702 423 756 477 anis
772 423 800 477 in
814 422 889 477 uobis
902 439 947 492 pu·
962 423 983 482 A
997 434 1076 476 orurc
1091 423 1229 491 praecepit.
1246 421 1328 477 Pater
1341 423 1415 476 cuitu
1431 422 1570 493 diquiart's
1584 433 1611 478 ct
1625 425 1736 481 bouoris
1748 437 1791 484 est

148 514 264 573 udum
285 513 481 585 contempora
504 523 595 571 autem
611 531 626 569 a
643 524 718 570 motu
740 515 860 569 siderum
883 521 946 568 suut
996 526 1106 564 rtorrtcn.
1121 510 1198 577 erod
1213 512 1349 567 veraciter
1362 511 1389 565 iu
1402 511 1460 581 ipso
1472 510 1527 566 tteo
1539 522 1646 568 constat
1657 531 1718 570 csse
1730 532 1792 588 per-

148 608 235 666 dlcta.
260 607 337 664 Unde
353 617 381 662 et
398 607 485 669 bens,
503 622 565 662 cum
586 607 644 662 lucc
666 607 832 669 institueret,
855 605 942 660 dixit:
996 601 1106 656 lectum.
1130 602 1169 657 bc
1183 602 1229 658 illo
1252 603 1325 658 euim
1346 601 1492 673 Apostolus
1505 603 1544 657 ait
1561 621 1567 656 :
1586 602 1628 658 Es
1642 622 1693 676 queo
1706 609 1791 663 omina

150 695 188 753 (it
207 698 260 753 aiat
273 705 301 752 tn
314 698 391 769 ripun
403 707 428 751 ct
442 706 557 768 tempore
574 706 599 751 et
616 697 672 751 dier
684 705 708 751 et
721 714 804 750 oneror
819 694 896 767 (Gen.
913 694 942 765 t),
993 694 1137 764 paternitas
1150 694 1178 747 iu
1192 691 1273 759 coelis,
1288 702 1311 747 et
1329 694 1356 748 in
1369 702 1438 747 terro
1451 694 1603 747 nuntiantur
1613 693 1721 765 (bobes.
1735 695 1789 768 nt).

147 786 179 844 td
194 797 237 844 cst
250 788 278 843 ia
295 788 386 858 aliquo
410 786 532 841 mutabili
554 794 639 851 motu,
660 786 737 855 cujus
761 786 833 840 alind
856 786 943 855 prius,
994 782 1028 836 tt
1042 785 1096 855 ipse
1111 784 1231 855 spiritus,
1244 800 1320 855 quem
1338 784 1485 853 occepimus
1509 783 1536 836 iu
1559 782 1698 854 baptismo,
1714 789 1789 842 testi·

146 880 224 937 aliud
238 888 374 953 posterius
396 880 543 950 praeteriit,
558 894 590 932 eo
612 878 683 948 quod
705 877 785 932 simul
806 892 866 932 csse
889 893 942 931 non
993 876 1110 929 monrium
1123 874 1207 928 reddit
1217 873 1320 944 spiritui
1331 884 1430 936 nostro,
1440 874 1510 945 quod
1521 891 1611 929 stemus
1622 874 1672 944 fita·
1685 875 1744 932 liei.
1758 877 1791 934 Si

146 977 275 1043 possunt.
296 969 430 1039 Tempora
455 968 528 1023 euim
554 966 709 1031 tutamentis,
728 967 814 1029 lroris,
838 967 941 1029 dicbus,
992 976 1080 1021 autern
1102 966 1153 1035 filii
1177 967 1234 1033 liei,
1258 976 1281 1021 et
1305 966 1420 1020 heredes
1440 967 1580 1022 :heredes
1600 969 1706 1039 quidem
1728 970 1788 1037 liei,

145 1063 242 1128 anuis,
265 1062 369 1126 lustris,
385 1062 491 1117 seculis
512 1069 540 1115 et
562 1061 668 1116 actibus
691 1061 857 1116 diuiduntur.
874 1060 942 1116 b'am
993 1058 1139 1112 cotun-ruta
1152 1067 1240 1111 autem
1258 1056 1355 1112 Cariati
1371 1056 1460 1129 (Reor.
1475 1056 1546 1126 ratri
1564 1057 1650 1125 Quam
1671 1061 1789 1115 haredi-

145 1150 259 1222 propric
278 1166 328 1205 uec
350 1159 458 1205 centnm
482 1150 545 1205 anui
571 1159 634 1205 suut
653 1167 736 1204 unum
760 1159 877 1221 tempus,
892 1167 942 1207 acc
992 1158 1076 1205 tutcrn
1089 1150 1142 1204 alio
1164 1149 1224 1204 loco
1246 1148 1390 1218 Apostolus
1406 1149 1600 1218 incorruptam,
1622 1151 1789 1207 ctiueouta·

144 1256 221 1297 anus
244 1243 355 1309 mensis,
374 1258 426 1298 uec
445 1243 517 1306 dics,
535 1244 682 1309 necbora;
704 1244 767 1313 quia
793 1245 941 1300 curtialiud
992 1244 1138 1309 ttritratnu,
1160 1250 1187 1298 et
1213 1242 1465 1298 inaurarccseiiilcm
1494 1243 1628 1314 appellat;
1654 1253 1681 1299 et
1710 1246 1789 1302 nobis

145 1331 261 1397 transit,
275 1331 349 1386 aliud
363 1333 482 1396 advenit,
497 1333 578 1388 simul
593 1350 676 1389 unum
692 1349 753 1389 esse
770 1349 823 1389 noa
842 1343 939 1405 potest.
991 1346 1051 1387 caru
1069 1333 1096 1387 ia
1111 1332 1188 1388 eoelis
1201 1342 1389 1388 conservatam
1413 1350 1474 1390 esse
1487 1336 1630 1405 promittit.
1644 1335 1701 1405 lpse
1714 1337 1787 1391 enirn

145 1422 227 1491 Quod
237 1431 327 1477 autem
339 1423 415 1488 dicit,
425 1425 462 1478 ito
474 1424 498 1479 ei
508 1424 654 1495 parendum
666 1434 714 1490 cst,
732 1425 941 1496 subintelligitur
991 1422 1036 1490 qui
1050 1421 1123 1476 dedit
1137 1421 1215 1477 rattbis
1228 1430 1389 1491 potestatem
1402 1421 1471 1477 filios
1485 1422 1531 1477 Dei
1548 1423 1616 1487 lieri,
1630 1424 1688 1494 ipsc
1704 1426 1786 1480 ctiam

144 1530 215 1572 reru
227 1515 284 1587 regi
298 1513 417 1581 Christo,
433 1516 478 1571 cui
496 1515 620 1585 superius
637 1515 790 1570 obedientia
804 1526 939 1571 armatum
991 1514 1065 1571 dedit
1084 1516 1162 1569 nobis
1180 1523 1342 1585 potestatem
1363 1514 1548 1568 hereditatem
1569 1514 1595 1567 in
1621 1516 1699 1570 coelis
1713 1517 1787 1571 acei-

145 1606 327 1664 militatomra
340 1606 409 1662 dixit
425 1619 485 1661 csse
499 1605 671 1661 monachum.
694 1602 847 1660 Parendum
862 1605 938 1670 dicit,
990 1621 1055 1676 perc
1077 1623 1083 1658 :
1105 1606 1128 1659 si
1156 1614 1246 1660 tamen
1272 1604 1338 1659 salsi
1363 1605 1631 1675 perseveraverimus
1654 1609 1787 1678 usquein

146 1698 176 1754 ld
193 1706 237 1754 cst
258 1698 449 1762 obediendum,
462 1697 664 1767 obsequendum
685 1695 727 1751 rel
747 1695 937 1766 obtemperari·
991 1695 1083 1751 finem.
1098 1695 1332 1765 incorruptibilem
1356 1695 1416 1750 idco
1431 1693 1569 1751 calestem
1584 1696 1653 1751 dixit
1675 1696 1788 1753 itaredi·

144 1788 222 1845 dum
237 1787 315 1856 Quod
327 1803 392 1844 vcro
406 1788 483 1853 dicit,
498 1788 568 1841 ouini
579 1796 704 1857 tempore,
717 1786 744 1840 iu
759 1787 897 1856 prosperis
912 1795 938 1841 et
952 1770 976 1830 Β
990 1792 1082 1851 tatem,
1106 1786 1170 1856 quia
1190 1800 1242 1842 uec
1262 1785 1338 1841 senio
1361 1785 1492 1856 tangitru,
1516 1800 1567 1840 nec
1593 1784 1720 1850 sedatur,
1736 1801 1786 1842 nec

144 1880 177 1935 ia
196 1881 318 1937 adversis
339 1880 458 1951 intelligo
481 1880 594 1935 dictum.
611 1878 688 1946 Quod
711 1894 777 1950 ergo
794 1878 886 1935 intulit
905 1880 938 1933 de
989 1889 1077 1936 morte
1098 1879 1291 1949 comumpitur,
1316 1893 1367 1932 uec
1394 1868 1562 1947 peanitentiae
1576 1877 1717 1940 moestitia,
1735 1893 1786 1933 aec

143 1975 203 2029 auia
213 1972 387 2029 bonireiease
398 1972 554 2043 parendum,
563 1971 680 2026 ostendit
693 1971 766 2041 quod
779 1971 845 2026 ailril
866 1972 937 2027 uncle
988 1972 1079 2037 sorde,
1103 1985 1154 2025 nec
1180 1969 1322 2041 parcitatis
1346 1967 1513 2023 continentia
1529 1976 1695 2023 coarctatur.
1712 1968 1785 2025 liiiril

143 2065 173 2120 ci
195 2078 291 2135 parere
304 2064 447 2135 possimus,
462 2062 595 2118 babemus
613 2062 648 2117 de
671 2068 775 2117 nostro.
797 2062 869 2132 Ergo
890 2062 936 2130 qui
987 2057 1782 2129 cuimcateriusreeipitaquaem-rumpiaritriolaripossit.

143 2168 198 2209 nce
221 2152 290 2209 rellc
312 2167 456 2224 possumus
476 2152 577 2207 lrabcrc
599 2151 633 2207 de
655 2160 760 2217 nostro,
777 2149 936 2207 festinemus
986 2151 1230 2208 lncoutamiuataur
1251 2152 1312 2208 idco
1327 2167 1386 2208 carn
1403 2152 1539 2217 narrarit;
1552 2152 1614 2222 quia
1630 2167 1737 2222 semper
1754 2170 1783 2213 ra

143 2244 185 2300 illi
198 2246 396 2316 omnitempore
409 2257 506 2313 parere
520 2244 626 2298 desuo.
651 2243 727 2299 Tune
742 2243 815 2299 enirn
833 2242 889 2298 bco
903 2245 936 2299 de
987 2241 1132 2312 scructipsa
1148 2241 1254 2313 integra
1281 2251 1309 2297 et
1335 2241 1464 2297 inuiolata
1492 2251 1659 2312 perseuerat,
1683 2253 1711 2298 et
1733 2260 1785 2301 nce

141 2332 225 2391 bonis
248 2334 306 2391 suis
321 2349 463 2404 paremus,
480 2333 587 2403 quando
601 2333 633 2388 dc
648 2333 767 2403 acceptis
791 2333 936 2388 uirtutibus
986 2334 1123 2390 haeredum
1137 2334 1264 2400 termino,
1283 2349 1333 2391 uec
1346 2333 1410 2389 larue
1422 2341 1578 2390 coarctatur
1589 2343 1708 2391 ostento.
1723 2335 1782 2392 Non

140 2442 201 2483 taoa
215 2427 301 2492 uoltis,
311 2426 359 2482 scd
369 2425 407 2481 illi
419 2425 520 2495 gratias
532 2424 646 2494 agiutns,
659 2424 767 2494 quando
778 2423 849 2478 iliius
861 2438 935 2477 utau—
985 2438 1045 2479 cam
1061 2424 1186 2480 occultus
1200 2425 1367 2480 contaminat
1381 2424 1461 2489 latro,
1476 2440 1530 2480 uon
1545 2425 1677 2482 uiolentus
1690 2427 1784 2498 diripit

140 2518 208 2573 data
221 2518 399 2588 predicantes
413 2531 460 2571 ore
472 2515 640 2585 complemus
649 2522 677 2569 ct
688 2529 781 2585 opere,
795 2515 865 2569 sieut
879 2514 936 2582 ipsc
985 2513 1076 2584 preto
1091 2532 1098 2566 ε
1120 2529 1227 2584 semper
1250 2514 1591 2587 incontaminata,·sempcr
1607 2518 1679 2571 cu‘m
1693 2517 1784 2572 incur-

140 2608 184 2664 ait
197 2626 204 2662 :
216 2606 363 2679 Siditipitir
375 2623 425 2671 nte,
437 2606 563 2659 mundata
576 2622 634 2659 meo
645 2615 745 2660 ursule
755 2604 847 2675 (loun.
860 2603 932 2675 rrr·);
984 2612 1063 2673 rupta
1086 2614 1252 2672 perseuerat.
1277 2604 1339 2660 ldeo
1353 2605 1605 2662 immarcescibilem
1624 2622 1684 2662 cam
1703 2608 1781 2672 dixit,

139 2697 252 2771 qnando
268 2698 448 2768 nosmetipsos
462 2698 628 2767 abnegantes
641 2710 803 2765 crucemque
817 2695 934 2752 terentes
984 2695 1048 2765 quia
1063 2712 1113 2751 nec
1126 2696 1246 2752 sectione
1261 2695 1349 2761 lalcis,
1365 2712 1415 2752 uec
1429 2706 1554 2753 caumate
1569 2699 1633 2754 sutis
1650 2698 1783 2755 uiolenter

139 2781 283 2859 sequimur
295 2788 439 2842 bominum
454 2795 510 2841 toto
522 2786 606 2842 eorde
619 2785 756 2850 lactantem
768 2785 876 2855 quaudo
889 2801 934 2841 ac·
983 2800 1111 2855 oppressa
1136 2784 1287 2842 marcescit.
1313 2787 1428 2857 Setnrpcr
1455 2788 1528 2843 enirn
1551 2790 1656 2853 viridis,
1672 2805 1780 2859 semper

138 2887 223 2950 cepto
234 2880 337 2935 semine
348 2879 422 2934 uerbi
433 2879 515 2935 corde
528 2878 610 2942 bonu,
624 2886 653 2933 et
662 2878 765 2948 optimo
775 2884 802 2933 et
812 2877 846 2933 ab
859 2878 932 2933 omui
982 2886 1138 2944 personent
1149 2876 1319 2932 immortalis.
1331 2877 1379 2931 Est
1387 2877 1495 2932 enimin
1505 2878 1567 2934 liliis
1575 2878 1679 2945 florida,
1691 2882 1717 2935 iu
1726 2883 1781 2936 rir-

138 2970 253 3026 malitiae
266 2968 330 3026 lace
343 2969 554 3041 purgato,aliud
570 2969 747 3033 tricesimum,
765 2968 838 3024 aliud
852 2983 931 3023 scra·
984 2967 1085 3022 tutibus
1111 2967 1237 3035 secunda,
1260 2969 1288 3024 iu
1309 2969 1414 3026 deliciis
1436 2986 1555 3039 amoma,
1577 2973 1603 3028 iu
1626 2975 1781 3031 heredibus

138 3063 290 3138 gesimam
304 3063 377 3118 aliud
390 3079 454 3118 vero
468 3063 646 3117 centesimum
664 3061 802 3116 reddimus
814 3058 932 3115 fructum
982 3057 1123 3128 preclara,
1136 3058 1163 3113 iu
1175 3060 1377 3130 possessoribus
1389 3061 1517 3131 gloriosa,
1529 3071 1557 3118 ct
1568 3064 1594 3119 in
1607 3066 1779 3135 praemiorum

138 3152 251 3229 (llattb.
275 3170 345 3220 xrrr3
363 3151 448 3207 llurc.
465 3152 519 3224 tr);
547 3152 655 3222 quando
677 3159 788 3220 accepto
811 3150 932 3221 pccuuiae
983 3151 1063 3227 doniis
1077 3167 1182 3223 sempor
1196 3152 1315 3209 excelsa.
1330 3151 1359 3207 ln
1378 3153 1423 3208 illa
1442 3155 1514 3210 cuim
1528 3165 1572 3211 cst
1587 3157 1643 3211 rita
1667 3167 1777 3225 aterna,

137 3244 256 3308 talesne,
278 3244 313 3299 ad
338 3243 483 3298 bominum
509 3258 569 3297 curn
595 3257 694 3314 magno
715 3243 835 3298 rediurus
856 3240 932 3295 lucro
983 3244 1172 3300 immortalitas
1199 3246 1381 3316 sempiterna,
1406 3255 1527 3316 potestas
1554 3257 1700 3319 perpetua,
1726 3267 1779 3322 pax

136 3334 645 3408 (matutinali.xrrr1);quaudo
667 3333 791 3405 peccanti
811 3333 838 3387 in
854 3331 932 3386 uobis
982 3336 1072 3409 longa,
1100 3336 1279 3393 sanctificatio
1305 3346 1390 3401 certa,
1413 3337 1574 3407 justificatio
1591 3356 1666 3395 uera.
1690 3341 1733 3406 tr,
1750 3351 1780 3396 ut

137 3442 195 3484 non
216 3426 302 3483 solum
314 3427 416 3497 septies
428 3427 599 3489 dimittimus,
615 3427 662 3482 sed
678 3440 764 3497 usque
777 3424 931 3494 septuagies
981 3428 1101 3483 breuiter
1110 3428 1207 3492 dicam,
1221 3428 1346 3484 Christus
1355 3438 1397 3484 est
1411 3429 1554 3485 hareditas
1567 3441 1672 3497 nostra,
1685 3432 1712 3485 iu
1724 3449 1779 3504 quo

137 3519 241 3590 septies
253 3518 263 3591 (
272 3518 412 3587 bamur
429 3516 456 3586 );
472 3517 580 3586 quatrdo
592 3519 618 3573 iu
633 3517 731 3574 summi
746 3517 817 3586 regis
831 3514 932 3584 nuptiis
981 3527 1024 3575 cst
1037 3519 1144 3574 bouitas
1158 3526 1224 3573 tota.
1241 3519 1318 3575 Unde
1332 3535 1504 3590 suumrcpere
1527 3523 1676 3577 carendum
1688 3533 1729 3579 est
1745 3540 1779 3579 uo

137 3607 246 3665 inritati
256 3623 318 3663 cum
329 3614 404 3662 reste
415 3606 717 3678 recumbiruusnuptiali
730 3605 839 3677 (Metti.
851 3605 929 3677 ssu),
980 3621 1031 3661 nos
1045 3608 1127 3660 iratus
1141 3617 1216 3679 puter
1231 3609 1264 3663 ab
1282 3608 1334 3662 ltac
1348 3617 1402 3663 tam
1427 3609 1578 3666 clarissima
1593 3612 1717 3668 claritate
1730 3614 1779 3669 eli·

137 3710 174 3753 ne
189 3705 237 3751 aut
260 3712 321 3752 cum
338 3695 384 3751 illo
403 3695 449 3765 qui
469 3693 547 3750 tratri
562 3695 588 3749 ia
605 3711 635 3751 se
656 3695 779 3766 peccanti
793 3694 932 3749 dimittere
981 3697 1077 3763 minet,
1091 3706 1118 3753 et
1131 3708 1158 3753 ut
1176 3700 1330 3755 statuendus
1343 3701 1464 3756 dominus
1478 3704 1599 3759 irritatus
1614 3723 1630 3758 u
1644 3705 1720 3761 ritulis
1732 3724 1779 3762 tro·

136 3785 234 3853 adluit,
246 3794 364 3842 anteum
374 3786 420 3841 illo
432 3786 477 3856 qui
488 3786 630 3857 pecuniam
649 3786 752 3842 donnini
767 3787 809 3841 sui
826 3785 931 3842 lodicus
980 3788 1043 3843 atris
1066 3797 1095 3841 ut
1109 3790 1280 3851 nequissimos
1300 3809 1388 3847 seruos
1408 3804 1560 3864 perpetuum
1571 3796 1660 3851 tradet
1675 3798 1709 3851 cui
1725 3815 1778 3869 po-

138 3876 167 3933 la
181 3885 284 3931 terram
296 3877 445 3943 abscondit,
459 3885 505 3932 aut
519 3893 581 3932 curn
593 3877 638 3931 illo
652 3878 697 3947 qui
713 3877 740 3932 in
759 3878 861 3949 uuptiis
876 3893 929 3933 non
981 3893 1052 3932 mm.
1069 3877 1223 3934 Notandum
1241 3881 1304 3950 quia
1318 3881 1364 3951 qui
1377 3883 1495 3952 primurn
1519 3894 1592 3939 reete
1603 3886 1737 3941 credendo
1750 3895 1779 3942 et

137 3968 243 4026 babens
255 3977 358 4026 restem
370 3970 518 4039 nuptialem
535 3968 667 4035 iutcrt'uit,
678 3970 792 4039 pedibus
804 3978 832 4026 et
846 3970 931 4024 mani·
980 3967 1048 4024 bene
1064 3969 1177 4024 rireudo
1192 3970 1281 4025 uocati
1296 3979 1359 4025 snrtt
1373 3972 1429 4032 lilii,
1444 3973 1525 4028 iidem
1540 3975 1589 4044 ipsi
1602 3985 1695 4046 postea
1706 3977 1777 4031 male

137 4058 189 4117 baa
205 4060 281 4133 ligati
296 4061 322 4115 iu
337 4061 457 4116 tenebris
471 4060 651 4115 exterioribus
666 4060 773 4125 inclusi,
786 4067 813 4115 et
828 4060 854 4113 iu
870 4075 929 4130 poe-
979 4060 1094 4117 rircrtdo
1108 4070 1238 4117 roearttur
1251 4063 1410 4132 nequissimi
1424 4064 1507 4118 serti.
1525 4065 1582 4119 buo
1597 4067 1669 4120 enim
1684 4081 1777 4121 serro-

136 4169 201 4210 aam
216 4164 374 4225 perpetuam
393 4169 546 4208 mercantur
570 4167 630 4207 esse
647 4152 777 4206 tlaruuati.
806 4151 883 4207 liudc
902 4159 930 4207 et
979 4169 1041 4209 rum
1054 4168 1153 4221 genera
1167 4154 1194 4208 iu
1209 4154 1358 4224 Scripturis
1369 4154 1543 4210 inueniuntur
1557 4157 1656 4212 ‹liriuis
1670 4175 1677 4211 :
1692 4174 1775 4212 urtrrnr

135 4248 269 4320 sequitur,
978 4242 1121 4308 bonorum,
1138 4244 1209 4299 aliud
1225 4260 1289 4302 vero
1302 4245 1445 4301 malorum.
1468 4246 1614 4314 Bonorum,
1630 4248 1776 4320 dequibus

169 4338 208 4395 lt't
222 4356 274 4394 non
287 4338 371 4393 solum
382 4339 466 4392 iratus
478 4348 552 4408 puter
565 4354 616 4391 uon
632 4336 775 4408 aliquunde
785 4335 855 4405 filios
868 4352 929 4392 snos
978 4351 1028 4407 per
1040 4336 1137 4392 isaiam
1150 4336 1281 4392 bunrinus
1295 4337 1360 4393 dicit
1378 4356 1385 4391 ε
1401 4336 1469 4392 Eece
1481 4339 1548 4393 serti
1561 4340 1611 4393 mei
1626 4340 1771 4406 comedent,

123 4432 294 4499 ‚auterens
315 4431 361 4486 sed
385 4448 431 4485 nec
454 4440 481 4484 ut
500 4429 653 4484 irtetaendus
674 4429 795 4483 dorninas
810 4429 894 4482 iretur
911 4438 1004 4525 uDet
1023 4445 1066 4483 uos
1089 4428 1219 4482 esurietis.
1235 4427 1303 4482 Ecce
1322 4429 1389 4483 serti
1400 4430 1450 4482 mci
1463 4429 1560 4495 bibent,
1575 4440 1599 4484 ct
1612 4447 1655 4485 eoa
1670 4432 1773 4486 sitietis.

129 4522 213 4580 nelis
227 4525 332 4590 nostrie,
350 4533 378 4577 ut
393 4524 562 4594 trequisaimos
572 4539 659 4577 seruos
674 4531 825 4590 perpetuum
839 4521 927 4575 trudet
980 4515 1049 4571 Ecce
1059 4517 1126 4572 acrei
1136 4517 1186 4569 mei
1205 4515 1373 4582 laetabuntur,
1387 4525 1412 4571 et
1424 4535 1468 4573 eos
1481 4518 1689 4588 cottsundemini.
1708 4520 1775 4575 Ecce

128 4616 171 4671 ael
182 4632 297 4689 penum,
308 4616 353 4687 qui
370 4632 429 4669 curn
442 4616 513 4684 sequi
527 4613 657 4668 no¹nerint
668 4613 704 4667 ori
714 4611 835 4682 ptortun.
851 4613 927 4679 Quoi
978 4608 1047 4665 rent
1070 4609 1121 4663 mci
1138 4606 1284 4661 laudabunt
1304 4624 1360 4678 pre
1379 4607 1554 4663 exsultatione
1574 4611 1675 4676 cordia
1691 4620 1716 4665 et
1731 4627 1775 4666 noa

129 4715 227 4763 autern
241 4706 306 4761 dlcit
318 4706 401 4759 iratur
412 4714 487 4775 puter
507 4720 560 4759 non
574 4704 625 4759 boc
637 4703 746 4774 proprie
760 4703 787 4757 in
802 4701 926 4765 bosniae,
978 4700 1126 4755 cluurutitis
1139 4716 1195 4771 pru
1206 4696 1296 4754 dolore
1311 4699 1408 4764 cordia,
1422 4709 1446 4754 et
1459 4717 1515 4769 pro
1528 4702 1683 4757 contritione
1697 4702 1776 4773 spiri·

130 4798 184 4855 sed
196 4795 307 4852 abusive
322 4796 441 4867 intellige
454 4796 565 4850 (lictum.
582 4795 705 4849 linusano
715 4794 787 4850 onim
804 4810 855 4848 usu
870 4794 927 4848 lucc
978 4803 1020 4848 tua
1036 4791 1170 4847 rrlniuiitia
1189 4790 1257 4862 (iso.
1273 4791 1347 4860 cxv).
1365 4791 1398 4845 Et
1421 4792 1454 4848 de
1476 4792 1574 4863 quibus
1593 4792 1724 4848 Dorulaus
1746 4794 1773 4849 iu

130 4894 163 4943 ct
175 4886 219 4942 ltis
232 4885 330 4941 similia
344 4886 371 4940 iu
384 4884 533 4956 Scripturis
543 4885 629 4940 saeris
640 4884 673 4939 de
685 4885 800 4939 [turnino
811 4884 926 4954 plurima
977 4886 1125 4959 Erauge1i0
1144 4886 1182 4939 ait
1201 4902 1208 4938 ι
1226 4882 1309 4954 Eune.
1326 4900 1396 4938 serre
1411 4883 1475 4938 torte
1489 4893 1513 4938 et
1527 4883 1624 4953 fidelis,
1647 4887 1710 4956 qnia
1729 4903 1774 4940 au-

131 4976 257 5035 macutes
270 4976 352 5032 dicta.
375 4975 462 5031 lratus
475 4976 546 5030 caira
561 4975 712 5032 diciturira
732 4985 821 5042 aetus,
835 4975 861 5029 id
875 4983 926 5039 cst,
976 4995 1023 5050 per
1047 4995 1133 5048 panca
1152 4975 1228 5047 [rr'sti
1251 4975 1353 5046 fidelis,
1373 4993 1451 5048 super
1473 4974 1556 5031 multo
1573 4986 1597 5031 te
1615 4978 1773 5033 connitnom

131 5069 176 5125 ira
189 5068 318 5140 annius,
333 5083 394 5138 quae
415 5067 517 5123 duolnts
536 5066 624 5121 modis
646 5064 673 5120 in
687 5065 803 5122 licutino
816 5065 926 5130 dicitur,
978 5067 1086 5140 (llattlr.
1101 5068 1176 5141 nr).
1193 5065 1322 5122 bialorum
1339 5074 1429 5122 autem
1445 5082 1528 5138 genus
1552 5082 1692 5123 seruorum
1718 5077 1771 5133 est,

130 5167 183 5219 aut
195 5176 258 5217 eum
270 5159 386 5233 flagellat
396 5174 504 5215 omueru
520 5158 604 5213 salitum
622 5173 703 5227 quem
716 5157 813 5227 recipit
823 5157 858 5212 ad
870 5157 923 5228 glo
977 5158 1122 5229 dequibus
1136 5159 1320 5229 scriptumest
1335 5175 1341 5212 :
1358 5154 1450 5212 Omnis
1461 5158 1507 5228 qni
1518 5170 1618 5229 peccat,
1633 5176 1720 5215 aenne
1734 5166 1771 5213 ert

130 5252 215 5316 riam,
231 5260 279 5309 aut
289 5269 351 5309 cunt
363 5253 479 5322 percutit
489 5267 596 5307 omnent
608 5251 730 5320 iniquum
743 5265 824 5320 quem
845 5250 927 5305 tradit
975 5250 1075 5322 peccati
1088 5266 1097 5304 .·
1110 5266 1199 5305 ternus
1214 5258 1301 5302 nutem
1314 5265 1365 5303 noa
1380 5258 1467 5303 moeret
1478 5248 1506 5302 in
1516 5248 1594 5304 domo
1607 5250 1771 5303 interranum

130 5352 300 5416 adpoenam.
316 5344 396 5401 Pater
411 5345 484 5401 enirn
498 5353 590 5399 noster
603 5344 663 5399 idco
674 5343 783 5406 dicitur,
795 5340 867 5411 quod
881 5341 926 5395 illc
978 5339 1069 5410 (loun.
1083 5337 1154 5410 rtrt).
1169 5338 1213 5402 Et,
1228 5354 1300 5394 serae
1318 5355 1447 5409 aequum,
1465 5356 1540 5394 omne
1554 5339 1668 5393 debitum
1683 5337 1771 5391 dimisi

131 5448 195 5504 tros,
210 5444 241 5491 ut
264 5451 396 5502 essemus,
416 5436 534 5500 crearit,
554 5442 582 5489 et
595 5448 643 5503 per
662 5432 788 5503 baptismi
811 5431 925 5503 qratiam
978 5428 1036 5495 tibi,
1051 5437 1105 5484 etc.
1121 5426 1229 5498 (liutet.
1246 5427 1335 5500 xviri),
1350 5429 1389 5485 tte
1404 5430 1504 5500 quibus
1515 5436 1542 5483 et
1556 5428 1600 5483 irie
1613 5429 1661 5492 ait,
1679 5436 1708 5480 au
1722 5442 1769 5481 ne·

130 5526 232 5585 lterum
246 5526 389 5592 recrearit,
402 5534 430 5580 et
444 5526 470 5580 in
488 5525 590 5580 renatis
601 5523 732 5595 Spiritum
748 5530 882 5587 sanctum,
897 5522 925 5576 in
976 5520 1116 5590 quissimus
1132 5535 1220 5574 seruos
1239 5532 1390 5591 perpetuum
1409 5519 1498 5573 trudat
1517 5517 1552 5571 ud
1567 5533 1679 5587 porrum.
1710 5516 1769 5573 Nou

129 5636 184 5691 qno
203 5618 443 5684 clementialiter
461 5617 540 5674 Pater
553 5617 642 5690 (Rom.
657 5616 728 5680 rard,
747 5615 869 5680 tradidit,
885 5624 922 5682 et,
978 5610 1049 5666 cuitu
1064 5610 1194 5666 bominus
1208 5609 1335 5681 aliquem,
1350 5611 1397 5665 scd
1408 5610 1464 5678 ipsc
1478 5621 1507 5662 se
1519 5605 1643 5661 traditati
1656 5622 1767 5677 pmrrutu

132 5708 216 5770 Pater
230 5722 318 5769 noster
337 5711 383 5784 qui
403 5728 431 5768 er
451 5712 477 5766 in
492 5709 561 5766 cutis
582 5706 691 5784 (lintris.
713 5705 768 5779 n),
792 5704 862 5763 idern
876 5722 924 5775 tros
977 5704 1071 5777 quipe
1088 5718 1151 5759 carc
1168 5718 1221 5759 non
1237 5703 1349 5758 dubitat.
1367 5699 1558 5771 scriptumest
1574 5697 1666 5753 cuim·
1683 5698 1766 5769 Quria
