3810 6120
140 281 193 341 dii
771 276 949 337 salutent
966 272 1114 335 noltlrls
1715 271 1774 331 380

141 412 154 450 ι
175 391 298 466 eneam,
310 397 340 449 ei
353 406 408 448 uon
418 399 480 449 erat
494 388 639 458 illisllllus,
650 389 765 461 eoquod
778 397 853 446 esset
866 390 924 445 Eli·
939 394 1004 454 Αιι
1020 390 1048 445 in
1062 393 1230 451 conscicntia
1241 397 1333 449 nestra
1346 402 1422 443 ranae
1437 386 1533 460 gloriae
1551 386 1647 443 sordes
1663 388 1774 463 spargi·

142 504 152 540 a
175 485 254 542 zebet
279 483 389 548 sterilis,
417 490 445 539 et
467 481 546 538 ambo
569 482 766 552 processissent
790 481 818 537 in
832 481 928 537 dielrus
978 495 1047 542 urus,
1060 487 1090 534 ut
1099 480 1254 536 bominibus
1268 479 1431 551 placeamus,
1442 493 1497 534 non
1512 476 1577 533 illud
1587 474 1691 548 absque
1703 493 1774 551 que·

142 596 152 629 ι
175 574 595 634 suts.laetenestauaemeam
607 571 760 628 sacerdotio
770 570 929 644 iungeretur
978 571 1032 629 reia
1050 572 1178 628 lacimm.

141 686 150 719 ι
174 666 320 722 namnetas
333 664 360 718 in
372 663 469 718 ordine
492 660 805 727 tieissuaeanteileunr,
830 676 929 718 seeum
1011 661 1037 717 F
1038 672 1124 718 actum
1137 673 1176 719 ert
1194 671 1282 717 nutem
1294 678 1354 716 rem
1370 660 1518 715 sacerdotio
1541 660 1696 733 {coemeter
1714 658 1774 719 Zo-

140 774 150 810 a
173 758 236 812 dum
248 754 474 811 consuetudinem
493 754 640 809 sacerdotii
655 762 729 810 sorte
740 754 818 820 exiit,
836 762 868 809 nt
887 754 929 809 in-
976 754 1093 820 clmn‘nr,
1104 764 1157 811 etc.
1172 753 1222 821 Qui
1239 753 1311 809 enlm
1322 761 1396 808 sorte
1406 751 1527 823 eligitur,
1538 752 1772 822 bumanojudieio

138 867 149 901 ι
171 862 282 904 censum
296 848 457 918 imponeret,
479 845 620 917 inpressas
633 844 797 916 intemplurn
807 843 926 910 Domini,
976 847 1288 917 noncomprclrenditur,
1302 846 1346 903 illc
1364 846 1447 916 igitur
1469 847 1660 916 querebatur,
1686 862 1771 919 quiem

138 955 149 991 ι
167 946 196 995 ιι
207 938 296 995 omnis
308 937 451 993 multitudo
476 935 566 1006 populi
583 943 643 989 erat
657 950 739 991 orans
760 933 837 1000 loris,
858 933 927 989 bora
976 936 1028 991 iste
1044 936 1189 1007 ligarrabat,
1208 952 1290 992 verus
1304 936 1331 991 in
1343 945 1474 991 aetemunr
1487 940 1624 1002 sacerdos,
1642 938 1771 995 eulaliei·

138 1046 148 1081 ι
170 1028 283 1085 incensi.
303 1027 436 1097 Apparuit
449 1033 539 1081 autem
553 1025 591 1079 illi
604 1023 840 1096 angelusliomini,
850 1030 928 1081 stans
976 1036 1041 1083 tur:
1063 1026 1102 1081 Tc
1112 1043 1138 1083 ea
1150 1028 1272 1083 sacerdos
1285 1028 1312 1083 in
1326 1037 1453 1082 eternam
1468 1020 1625 1101 (Ptolem),
1651 1028 1698 1099 qni
1712 1040 1770 1083 non

138 1137 148 1174 ι
170 1134 186 1174 a
203 1121 305 1175 dextris
321 1119 415 1174 altaris
435 1118 551 1173 incensi.
578 1118 612 1173 Et
632 1117 781 1171 Zacharias
801 1115 927 1172 turbatus
975 1117 1125 1172 hostiarum
1134 1132 1241 1184 cruore,
1253 1117 1300 1173 sed
1317 1117 1439 1188 proprio,
1451 1116 1559 1173 Patrem
1574 1118 1660 1174 ιιιιιι
1670 1118 1770 1190 generi

136 1229 147 1263 ι
170 1219 212 1267 est
226 1211 333 1276 videns,
360 1210 481 1265 ettimor
495 1209 575 1265 irruit
586 1223 669 1279 super
685 1222 759 1263 cnm.
778 1207 926 1264 litantem
975 1208 1163 1264 reconciliaret
1176 1207 1305 1264 humano.
1327 1206 1380 1262 Sed
1392 1213 1456 1262 tune
1466 1207 1578 1277 sanguis
1590 1205 1769 1277 laedebatur,

135 1317 147 1353 ι
169 1300 203 1355 ad
215 1300 290 1355 illum
302 1299 434 1369 angelus:
459 1298 498 1354 lle
514 1299 621 1364 timeas,
640 1298 781 1363 zacharia,
795 1300 924 1369 quoniam
975 1298 1003 1353 in
1022 1298 1112 1369 speeie
1135 1299 1262 1354 sacerdos
1282 1298 1469 1354 ordinabatur.
1494 1296 1571 1352 Nune
1588 1298 1650 1367 qnia
1663 1300 1770 1357 veritat

137 1410 148 1445 ι
166 1392 293 1448 exaudita
307 1400 350 1447 est
364 1391 518 1461 deprecatio
537 1399 594 1457 tua,
610 1399 638 1445 et
652 1405 723 1446 uxor
737 1398 782 1446 tua
803 1390 926 1447 Elirabct
974 1387 1057 1453 venit,
1074 1387 1257 1457 relinquamus
1267 1387 1394 1458 speciem,
1413 1397 1440 1442 ct
1451 1387 1595 1442 veritatem
1607 1403 1767 1458 sequamur.

136 1506 146 1539 ι
169 1487 257 1557 pariet
268 1486 317 1541 tibi
329 1484 424 1549 lllium,
434 1493 463 1540 et
474 1486 583 1541 vocabis
596 1500 694 1541 nornen
710 1484 769 1555 elus
778 1484 922 1541 ioannem.
975 1475 1051 1531 Tunc
1064 1476 1172 1546 quidem
1188 1477 1262 1533 ι’ῑΰθθ
1279 1483 1368 1542 mni,
1384 1492 1456 1532 ¹¹⁰⁰ss
1468 1486 1558 1532 aulem
1570 1485 1612 1532 ⁶⁸¹
1629 1478 1771 1549 iterim·

135 1576 672 1648 «ntentnnrgauttametexsutuuo,
686 1576 924 1633 etmuttttnnan-
974 1565 1549 1638 nepumaltumsrgnrneauazaeuanas
1561 1560 1769 1633 accesimus

135 1687 145 1722 ι
167 1664 495 1737 vitatcejusgaudebnnt.
520 1665 581 1720 Erit
603 1666 676 1720 enini
695 1680 809 1736 magnus
830 1680 922 1722 coram
973 1658 1223 1725 consacerdotem,
1234 1659 1277 1714 cui
1291 1656 1454 1714 sacrificium
1467 1674 1521 1714 non
1534 1666 1768 1717 essetcommnne

134 1774 144 1809 ι
167 1756 290 1820 Domino,
305 1763 332 1810 ct
346 1756 439 1809 viarum
452 1761 480 1809 et
506 1755 622 1809 siceram
635 1769 689 1809 nen
703 1755 789 1821 bibet,
816 1762 844 1809 et
863 1753 924 1826 Spl-
936 1747 961 1807 B
974 1764 1035 1804 cum
1054 1749 1173 1815 cacteris,
1187 1750 1233 1819 qui
1245 1764 1300 1805 non
1310 1749 1337 1804 in
1350 1763 1430 1803 manu
1446 1748 1525 1805 lactis
1537 1749 1646 1820 templis
1659 1748 1770 1807 nerte-

134 1867 144 1900 ι
168 1847 221 1902 ritu
250 1853 344 1903 sancto
369 1845 537 1921 replebitur,
559 1844 647 1901 adbuc
671 1860 705 1900 er
726 1854 805 1903 utero
826 1846 922 1901 matris
974 1847 1104 1911 catellano
1114 1839 1295 1906 110bi⁸2⁸0¹¹iss
1308 1839 1350 1894 ⁸1¹1
1360 1838 1482 1910 0⁰ll>⁰li⁸
1492 1838 1592 1909 templo
1602 1850 1771 1911 nostrim-

133 1954 147 2015 a·
167 1951 233 2002 suae,
247 1943 276 1990 et
289 1934 389 1991 mulera
412 1934 530 1989 liliorum
554 1932 638 1989 lsrael
662 1941 803 1989 convertet
819 1936 853 1990 ad
869 1934 924 1991 llo-
972 1937 1032 1982 0³1²
1051 1937 1191 1983 vacuaret·
1759 1918 1762 1923 ’

133 2044 143 2077 ι
165 2025 269 2080 minum
284 2023 370 2080 Deum
385 2025 515 2094 ipsorum.
536 2023 572 2078 Et
593 2024 651 2094 ipsc
663 2024 797 2095 praecedet
813 2034 876 2081 ente
889 2022 922 2078 il·
1007 2021 1153 2078 Serteeciit
1168 2023 1343 2078 retiacensem
1356 2032 1475 2094 poneret,
1488 2032 1541 2079 ete.
1559 2021 1705 2080 incensant
1718 2038 1772 2083 an·

133 2135 143 2169 ι
166 2117 221 2173 lum
246 2116 274 2171 in
287 2117 384 2186 spiritu
404 2124 433 2171 et
449 2116 549 2172 virtute
571 2115 646 2179 Elin,
662 2125 692 2170 ut
706 2123 847 2171 convertat
858 2129 922 2170 cor·
971 2120 1026 2167 ιιιιι
1045 2112 1072 2167 in
1096 2123 1358 2169 sanctasanctorum
1374 2127 1390 2168 a
1405 2112 1652 2184 pontificedelerri‚
1669 2126 1770 2187 exsp*

132 2225 143 2259 ι
164 2207 197 2261 da
218 2216 325 2276 patrum
347 2207 375 2261 in
400 2206 492 2270 lilios,
517 2213 546 2261 et
567 2205 721 2261 incredulos
749 2204 783 2260 ad
804 2204 922 2275 pruden·
970 2213 1062 2261 etante
1073 2205 1140 2260 loris
1151 2205 1279 2275 templum
1288 2205 1361 2259 omrai
1372 2203 1593 2274 populo,decinra
1604 2202 1769 2276 dieseptirnl

134 2313 144 2346 ι
168 2296 233 2351 tiam
247 2295 405 2366 justorum,
435 2310 534 2367 parare
551 2294 667 2351 Domino
695 2295 801 2365 plebem
829 2293 921 2365 perle-
971 2298 1071 2353 mensis
1095 2305 1137 2352 est
1152 2296 1270 2366 jussum.
1296 2297 1412 2357 Etbanc
1427 2297 1499 2353 diem
1514 2296 1690 2367 expiationis,
1706 2296 1768 2357 site

133 2405 143 2438 ι
167 2397 249 2442 ctam
273 2404 284 2438 r
566 2438 570 2445 ,
970 2386 1168 2459 propitiationis
1185 2386 1289 2451 vocari,
1303 2401 1363 2455 quae
1374 2387 1446 2456 apud
1457 2401 1509 2443 nos
1518 2385 1554 2441 ob
1567 2384 1677 2441 varrum
1689 2387 1767 2445 luna

166 2472 230 2530 rao
240 2473 270 2530 itt
283 2472 374 2529 dicier
384 2471 499 2528 Herodis
523 2475 590 2545 repit
603 2472 707 2528 tedae
728 2473 850 2528 sacerdot
874 2490 922 2531 rte-
970 2476 1133 2541 discursum,
1145 2492 1161 2530 a
1174 2491 1226 2545 qua
1238 2491 1346 2533 menses
1365 2482 1523 2547 computant
1538 2475 1655 2542 llebraei,
1682 2477 1769 2533 modo

129 2567 198 2621 mine
210 2564 366 2621 Zachariae.
381 2564 432 2637 (Ex
447 2564 540 2637 Beda.)
555 2562 733 2620 Sacrosamta
746 2565 921 2633 precursoris
970 2567 998 2621 in
1011 2565 1164 2636 Septembri
1187 2580 1290 2631 mense,
1310 2565 1390 2621 modo
1410 2564 1503 2635 incipit
1526 2564 1553 2620 in
1566 2562 1688 2631 Octobri,
1698 2563 1768 2635 qnia

129 2656 235 2712 Domim
248 2655 375 2711 nobilitas
390 2670 443 2710 non
456 2655 570 2711 soluma
583 2655 753 2725 parentibus,
772 2655 820 2710 sed
831 2670 846 2709 a
857 2670 920 2724 pro-
969 2657 1074 2713 scilicet
1096 2655 1207 2719 mensis,
1236 2670 1289 2723 quo
1312 2654 1417 2710 Pascha
1435 2655 1554 2726 geritur,
1580 2654 1645 2710 anni
1655 2654 1767 2727 prinei·

128 2743 296 2816 genitoribus
317 2742 433 2815 gloriosa
454 2743 605 2809 descendit,
630 2752 764 2813 qaratenus
789 2744 920 2800 adventus
969 2750 1043 2819 pium
1062 2757 1145 2812 terret,
1170 2747 1276 2802 dicente
1296 2745 1430 2802 Doniiuo:
1447 2745 1546 2802 Mensis
1561 2747 1610 2802 iste
1620 2746 1695 2802 cebir
1710 2746 1769 2819 pri·

127 2837 200 2893 illius
212 2835 304 2902 iidem
316 2850 370 2890 non
382 2835 470 2891 subita
487 2834 666 2905 inspiratione
677 2843 848 2905 conceptam,
875 2851 920 2891 re·
969 2840 1086 2895 macerit
1099 2839 1126 2892 ia
1141 2836 1268 2892 mensibus
1289 2837 1362 2891 enni.
1379 2836 1488 2892 Decima
1511 2836 1555 2892 die
1567 2836 1670 2891 mensis
1682 2834 1767 2908 bujnn

128 2927 920 3000 ruinaritarnogispropagationesusceptamliberiusprae·
969 2934 1045 2988 tollat
1058 2933 1242 3002 unusquisque
1268 2946 1379 3001 agnum,
1407 2939 1460 2985 etc.
1477 2930 1563 3002 liujus
1583 2929 1638 2985 diei
1664 2936 1767 3002 arrysto-

129 3020 243 3075 dicarct.
969 3026 1039 3081 rium
1052 3024 1172 3096 implevit
1182 3038 1263 3079 verns
1274 3022 1394 3094 pontifex
1408 3023 1497 3089 lesus,
1509 3023 1618 3095 quando
1626 3023 1764 3095 completa

163 3114 203 3168 lle
213 3114 265 3168 eice
280 3111 356 3165 Abia.
384 3110 616 3182 vigintiquatuor
629 3110 662 3166 de
679 3111 864 3167 sacerdotibus
874 3126 919 3167 or·
932 3099 955 3161 C
970 3117 1169 3188 dispensatione
1186 3116 1276 3171 carnis
1291 3117 1318 3171 in
1344 3117 1485 3188 stragulae*
1495 3116 1617 3187 proprio,
1643 3116 1707 3174 coeli
1722 3132 1766 3175 re·

128 3205 206 3261 dincs
223 3202 252 3256 in
268 3201 419 3256 ministerio
432 3200 529 3255 domus
540 3199 648 3255 Dourim
663 3206 736 3255 sorte
746 3215 763 3254 a
775 3199 919 3257 Salomone
970 3217 1043 3265 creta
1059 3209 1155 3276 subiit,
1175 3216 1205 3263 ut
1218 3207 1365 3278 propitium
1388 3208 1467 3263 nobis
1481 3206 1585 3263 laceret
1598 3208 1724 3273 Patrem.
1735 3214 1767 3267 et

128 3301 193 3350 sarrit
205 3291 294 3357 divisi,
314 3291 340 3345 in
365 3290 464 3360 ouibus
483 3288 551 3344 abta
566 3287 684 3355 lumiliae,
701 3288 734 3345 de
754 3289 919 3359 quazacba·
969 3299 1154 3369 interpellaret
1175 3313 1225 3369 pro
1251 3298 1372 3369 pcccatis
1391 3312 1507 3364 eorum,
1528 3296 1574 3368 qui
1596 3297 1688 3354 adbuc
1704 3312 1762 3369 prae

129 3387 184 3441 rias
194 3392 272 3440 ortus
285 3390 337 3449 est,
352 3398 412 3439 sors
421 3382 535 3453 contigit
546 3390 651 3437 octava.
681 3380 851 3437 Nonlrustra
864 3382 919 3452 pri·
968 3390 1073 3447 loribus
1100 3399 1210 3446 omnies
1236 3396 1395 3461 exspertem
1421 3397 1449 3444 er
1476 3388 1591 3461 diligunt
1613 3387 1762 3447 adventu

128 3491 190 3531 mars
208 3472 275 3529 Nori
295 3473 460 3529 Testamenti
483 3487 573 3543 praeeo
597 3472 624 3525 in
641 3481 737 3527 octava
760 3472 842 3528 sortis
859 3471 919 3526 tice
967 3479 1037 3551 ejus.

127 3567 258 3632 irascitur,
271 3566 334 3634 quia
349 3565 420 3619 sicut
433 3563 586 3632 septenario
596 3577 667 3634 saepe
680 3577 792 3617 numero
808 3568 918 3633 propter
1004 3570 1133 3642 Apparuit
1146 3579 1233 3623 eutem
1247 3568 1291 3640 illi
1304 3567 1412 3639 capetus
1425 3566 1541 3631 domiai.
1564 3574 1618 3623 etc.
1634 3566 1696 3625 Non
1708 3567 1761 3625 ltn-

128 3657 269 3711 sabbatum
283 3655 366 3711 Vetus
379 3653 593 3718 Testamentum,
606 3652 760 3709 sicllorum
774 3652 918 3721 aliquoties
967 3662 1186 3734 meritoangelus
1204 3661 1310 3717 evidetur
1323 3661 1350 3715 ln
1369 3659 1479 3730 templo,
1500 3658 1563 3730 quia
1586 3658 1646 3715 reri
1668 3672 1760 3715 sacer·

127 3748 596 3818 octonarioproptcrsaernmcntom
605 3743 813 3798 resurrectionis
827 3742 918 3813 etpri-
967 3751 1039 3807 dotis
1057 3751 1114 3821 jam
1133 3751 1310 3806 nuntiabatur
1326 3750 1473 3814 altbertus,
1491 3756 1519 3814 et
1536 3746 1650 3802 coeleste
1675 3746 1761 3803 snerl-

129 3840 227 3905 mitur;
242 3838 314 3894 unde
326 3837 390 3906 quia
404 3851 457 3892 non
472 3835 640 3904 aliterqnam
651 3848 699 3904 per
714 3834 916 3889 observantiam
968 3842 1059 3898 netum
1072 3842 1229 3912 parabatur,
1244 3842 1271 3896 in
1282 3840 1429 3911 qnoangell
1445 3839 1640 3895 ministrarent.
1648 3836 1760 3899 Utinm

127 3932 271 4000 utriusque
283 3927 439 3984 testamenti
451 3927 526 3997 regni
540 3925 659 3981 coelestls
673 3924 733 3978 aula
747 3930 915 3995 penetrator,
967 3940 995 3988 el
1020 3933 1098 3991 nohis
1114 3949 1130 3987 a
1147 3932 1300 3988 dolentibus
1323 3931 1365 3986 vel
1383 3930 1546 3986 sacrificium
1574 3929 1760 3989 deterserim

127 4030 240 4080 reeteet
260 4021 289 4079 in
307 4020 406 4092 templo
429 4018 582 4075 Salomonis
611 4017 741 4090 mysticus
765 4014 918 4087 quindecim
966 4023 1076 4078 assistat
1092 4022 1214 4094 angelus.
1248 4020 1307 4077 Non
1328 4021 1400 4076 enim
1425 4020 1533 4076 dubites
1560 4020 1692 4077 assistere
1710 4034 1760 4077 nn-

127 4115 260 4186 graduum
273 4127 403 4169 ascensus
416 4110 643 4167 luisscnarratur.
967 4111 1066 4185 gelum,
1086 4113 1193 4183 qrramlo
1218 4110 1343 4171 Christus
1375 4112 1487 4166 assistit.
1516 4108 1643 4166 Glrristns
1661 4110 1760 4169 immo·

163 4206 198 4261 Et
213 4221 281 4261 uxor
292 4205 350 4275 ejus
360 4203 392 4259 de
402 4203 508 4274 filiabus
522 4202 622 4259 Aaron.
636 4202 718 4257 Plena
731 4201 814 4273 igitur
824 4200 918 4257 lauda·
966 4203 1050 4270 latur,
1069 4204 1169 4259 etenim
1186 4203 1284 4275 patebo
1306 4212 1423 4258 nostram
1448 4200 1601 4257 immoletur
1625 4212 1664 4257 est
1679 4200 1759 4257 cter-

127 4291 918 4368 tio,qnatenusmoresmllicium,lactumjudieiumcom-
967 4305 1033 4351 stas.
1758 4342 1764 4351 .

126 4387 280 4456 prehendit.
310 4385 440 4442 Genesin
453 4384 612 4455 maioribus,
631 4400 721 4441 mores
735 4386 762 4439 in
777 4385 916 4453 equitate,
931 4434 956 4495 D
1004 4387 1058 4459 (Ea
1072 4384 1166 4457 lteda.)
1188 4385 1260 4441 Bene
1284 4384 1393 4456 angelus
1413 4392 1441 4441 et
1462 4383 1607 4455 intemplo
1631 4393 1659 4443 et
1676 4382 1757 4456 Juxta

126 4474 243 4531 ollleium
255 4475 284 4530 in
297 4474 460 4539 sacerdotio,
473 4473 573 4529 lactum
586 4474 613 4529 in
627 4475 765 4539 mandato,
780 4474 808 4529 in
816 4472 918 4543 justili-
968 4478 1055 4532 altare
1067 4486 1121 4533 eta
1141 4476 1246 4531 dextris
1260 4483 1382 4546 apparet,
1400 4476 1464 4545 quia
1487 4476 1633 4542 videlicet,
1647 4486 1677 4533 et
1700 4475 1759 4541 reri

128 4562 384 4633 eatlmejuotetam.
969 4568 1118 4623 sacerdotis
1132 4568 1297 4633 adrentum,
1316 4574 1344 4620 et
1357 4566 1516 4639 mysterium
1530 4564 1659 4622 sacrificii
1673 4606 1683 4633 ,
1697 4565 1770 4622 nnl-

163 4651 249 4707 Ernat
266 4660 354 4707 ment
363 4651 433 4722 jotti
446 4652 522 4706 ambo
536 4661 597 4707 ente
613 4650 708 4707 Deum.
722 4652 821 4708 Beaurs
831 4652 876 4722 qui
887 4652 916 4708 in
968 4659 1117 4714 versallset
1126 4659 1311 4714 caelestisdoni
1323 4658 1450 4728 gaudium
1461 4658 1600 4729 predicat.
1609 4656 1681 4715 Nam
1688 4658 1777 4715 sicnk

126 4752 274 4813 conspeetu
289 4741 338 4798 liei
351 4741 504 4811 instusest,
528 4750 608 4812 atque
628 4742 780 4798 laudabilis.
820 4742 916 4799 Evertit
966 4766 1016 4822 per
1030 4750 1168 4807 sinistram
1178 4750 1333 4822 presentia,
1348 4750 1389 4804 sie
1398 4765 1446 4820 por
1455 4748 1796 4819 dexteramsnpebonn.

126 4837 237 4907 quippe,
250 4843 281 4890 ut
292 4834 402 4891 laudent
417 4833 541 4890 bontines
553 4834 627 4900 ebm,
650 4834 696 4906 qui
705 4850 758 4890 nou
769 4845 812 4890 est
824 4836 917 4893 lauda·
966 4842 1177 4912 pronuntiantur
1190 4851 1304 4896 aeterna.

127 4926 198 4993 bilis,
215 4934 244 4983 et
258 4928 283 4982 ei
296 4927 507 4997 detrahentem
521 4926 632 4981 minime
645 4926 916 4998 detractioncdiguus
1001 4931 1045 4984 Ait
1061 4941 1148 4985 eatam
1162 4932 1196 4986 ad
1212 4931 1286 4986 illam
1297 4929 1425 5002 nepetae:
1440 4930 1482 4985 lte
1492 4930 1595 4995 timeas,
1610 4927 1809 4993 necem-

127 5025 180 5073 est.
209 5016 376 5083 Solnsllens,
390 5026 418 5073 ct
433 5018 462 5073 in
476 5017 564 5083 ιιιιιιι,
578 5017 645 5073 etin
660 5017 916 5088 vituperationeju-
966 5028 1019 5074 cte.
1035 5019 1362 5090 Deprecationcmdicens
1382 5021 1548 5085 exauditam,
1566 5029 1809 5090 parturiere-⁴

129 5115 187 5162 stus
197 5104 343 5175 estiuder.
967 5108 1043 5164 tinuo
1055 5110 1189 5179 promittit
1210 5110 1313 5165 uxoris.
1330 5108 1388 5164 Non
1411 5109 1483 5179 qnod
1497 5109 1557 5174 ille,
1583 5110 1633 5181 qni
1646 5124 1701 5181 pro
1713 5124 1809 5182 po*

163 5200 351 5255 incedentcet'rt
365 5200 485 5255 omttibtts
496 5199 628 5255 inuadat}
642 5209 667 5253 et
680 5199 917 5270 justificationibus
967 5198 1030 5270 pulo
1044 5199 1183 5254 oblaturus
1193 5200 1352 5265 intraverat,
1366 5201 1468 5256 relictis
1483 5198 1600 5270 publicis
1612 5200 1697 5265 rods,
1711 5204 1809 5273 pr<

127 5293 234 5351 Domini
253 5292 436 5363 rineqecrele.
457 5291 618 5363 Plerumque
633 5291 738 5362 justitia
751 5291 855 5355 durior,
869 5292 916 5346 bo·
970 5289 1134 5359 accipiendis
1160 5289 1223 5344 llliis
1252 5304 1330 5345 orare
1347 5290 1486 5360 potuerit,
1505 5289 1551 5344 sed
1569 5291 1644 5359 qnod
1668 5291 1738 5347 dicit

128 5387 232 5441 minum
248 5383 387 5455 querclam
397 5392 534 5454 provocat„
549 5398 609 5454 quae
623 5400 687 5439 vero
700 5392 849 5453 tentpcrata
863 5392 916 5448 est,
970 5378 1104 5433 Exaudite
1117 5390 1154 5432 est
1172 5379 1319 5450 deprecatio
1332 5390 1388 5445 tare,
1405 5396 1455 5451 pro
1466 5381 1556 5452 populi
1570 5382 1809 5455 redemptio)⁴

129 5475 187 5546 ipsa
214 5490 270 5531 nae
290 5472 440 5529 dulcedinis
455 5473 541 5544 gratia
557 5475 637 5528 ιιιιιιιι
658 5472 916 5544 ιιιιίιιίιιιιιιιιιιιιοὲ
969 5470 1111 5541 signiae-n.
1142 5471 1218 5538 Quod
1245 5488 1310 5527 uero
1338 5473 1477 5543 adjungit,
1503 5482 1528 5526 et
1550 5487 1621 5526 asor
1643 5481 1694 5527 tae
1713 5476 1809 5543 μ’

129 5564 202 5619 niam
216 5563 293 5619 uitat.
970 5563 1017 5615 rial
1031 5561 1077 5615 tibi
1096 5561 1192 5626 lilium,
1217 5560 1336 5629 ejusdem
1354 5561 1546 5632 redemptionis
1554 5560 1683 5617 ordinem
1695 5566 1809 5633 pan*

165 5655 220 5725 (Ec
233 5655 322 5729 Arni.)
341 5655 454 5724 Quando
468 5655 541 5712 enim
559 5654 671 5712 laciruus
686 5655 841 5711 rnarrdatuin
859 5654 915 5719 ilci,
970 5652 1019 5713 dit,
1039 5648 1109 5720 qnod
1135 5651 1262 5707 rialalicct
1279 5659 1358 5707 nattis
1380 5650 1520 5707 'barbariae
1544 5650 1627 5717 lilius,
1652 5650 1809 5705 sellem·
