3810 6120
130 275 183 331 aaa

646 272 820 328 corruens.
842 271 875 325 ΙΝ
897 270 974 324 REG.
996 270 1024 325 S.
1046 272 1233 329 nudantem.

1696 274 1749 331 Sib

130 404 183 443 non
195 386 263 441 cales
279 386 324 457 qni
340 385 412 439 carui
427 385 581 453 indulgeant
595 392 621 438 et
643 386 748 448 ventri,
764 384 810 438 sed
825 383 913 452 potius
928 384 950 440 Α
962 378 1113 447 juvenculis
1128 384 1231 439 tardius
1248 388 1420 441 concedatur.
1436 385 1504 441 llinc
1517 386 1612 440 beatus
1624 384 1750 456 Augusti·
1776 403 1779 409 ·

129 480 161 534 in'
170 493 262 533 amore
272 477 319 531 liei
332 485 360 530 ct
374 476 474 530 Christi
493 477 551 546 ejus
562 477 714 547 probabiles
729 474 912 540 inveniantur,

129 579 156 625 ct
169 584 219 640 per
234 568 393 639 patientiam
416 582 493 622 suam
514 582 546 622 ac
565 567 626 620 vitae
648 565 786 628 meritum,
801 562 913 618 fratrum

129 666 286 711 mereantur
299 655 439 724 obsequia,
454 666 485 710 ut
503 657 654 711 habeantur
664 655 697 709 ad
712 654 825 724 gloriam
837 652 916 709 Chri-

128 748 163 803 sti
186 746 407 818 etopprobrium
431 745 539 810 diaboli,
555 746 625 801 sicut
647 744 697 799 luit
717 753 826 799 sanctus
852 743 912 799 iob.

164 835 217 902 Qui
229 844 316 889 tamen
329 833 455 905 patienter
468 833 589 904 portandi
603 841 674 896 sunt,
696 832 757 902 qaia
773 832 805 885 de
820 831 915 885 talibas

129 926 259 997 copiosior
269 941 366 978 mercer
379 924 533 992 aequiritur.
545 921 613 977 Hinc
622 923 718 976 beatus
730 921 849 976 isidorus
860 921 915 975 ait:

130 1019 181 1088 Qui
194 1017 265 1073 enim
281 1016 339 1073 sani
363 1024 437 1080 sunt,
458 1013 582 1069 lnbrmos
598 1012 715 1081 tolerare
736 1012 844 1068 debent.
865 1011 917 1080 Qui

131 1118 220 1163 autem
235 1106 336 1162 infirmi
350 1114 420 1168 sunt,
441 1119 521 1159 sanos
534 1113 562 1159 at
576 1104 729 1159 laborantes
750 1112 917 1174 anteponen-

130 1203 178 1256 dos
192 1200 243 1255 sibi
263 1214 317 1255 non
339 1199 470 1252 dubitent.
488 1195 538 1264 Qui
557 1198 616 1253 sani
636 1206 699 1252 sunt
718 1211 839 1267 corpore,
857 1197 916 1251 sani

129 1304 190 1344 esse
199 1289 297 1344 debent
306 1294 334 1342 et
345 1295 444 1341 mente.
458 1284 491 1341 Et
505 1285 564 1341 ideo
571 1286 698 1340 convenit
711 1286 783 1339 sanis
795 1284 916 1340 inlrrmos

129 1389 239 1452 portare
251 1379 336 1448 magis
347 1392 428 1446 quarn
443 1376 477 1431 ab
489 1375 605 1432 inllrmis
618 1375 730 1445 portari.
744 1372 861 1429 Necesse
874 1382 917 1430 est

130 1473 201 1526 enim
215 1479 245 1525 ut
256 1469 391 1539 patienter
405 1474 546 1536 portemus
558 1464 697 1529 infirmas,
711 1471 741 1516 nt
763 1463 861 1517 iterum
877 1464 918 1518 in-

132 1562 202 1616 brmi
223 1560 357 1631 patienter
378 1566 516 1628 portemur
538 1572 553 1611 a
581 1557 664 1611 sanis.
689 1556 822 1625 Tempore
844 1557 916 1612 enim

130 1651 297 1706 infirmitatis
321 1663 415 1704 earum
437 1649 574 1718 copiosam
601 1649 753 1703 mercedem
772 1648 917 1703 serviendo

965 487 1015 526 nus
1041 473 1079 527 ait
1095 492 1100 526 :
1118 474 1265 530 Lavacrum
1291 476 1419 543 inlrrrnis,
1444 478 1467 532 si
1494 477 1641 533 necessitas
1666 479 1750 548 cogit,

965 559 1075 616 minime
1087 562 1233 634 denegetur
1248 582 1255 618 ι
1270 565 1316 619 scd
1332 566 1437 620 etiarnsi
1463 567 1541 630 nolit,
1557 566 1667 636 jubente
1681 580 1751 634 prar-

964 651 1067 716 posito,
1111 652 1159 706 fiat
1180 670 1229 724 pro
1251 654 1347 710 sainte.
1368 654 1396 710 Si
1421 665 1511 709 autern
1534 656 1595 726 'ipsc
1623 655 1707 721 velit,
1722 661 1751 711 et

964 734 1034 792 sorte
1055 754 1108 794 non
1131 742 1257 812 expedit,
1287 759 1342 798 surae
1366 744 1506 814 cupiditati
1526 760 1579 799 non
1596 744 1748 800 obediatur.
1774 732 1778 748 ⁶

1002 825 1056 881 Sed
1073 837 1098 880 et
1116 831 1234 885 carnium
1249 848 1307 886 esus
1327 833 1438 901 infirmis
1455 834 1610 905 omninoque
1623 833 1750 888 debilibus

966 931 1013 986 pro
1033 918 1197 984 reparatione
1208 921 1374 975 concedatur.
1389 922 1422 978 At
1441 922 1485 976 abi
1498 923 1626 977 meliorati
1641 923 1752 991 suerint,

967 1022 982 1058 a
997 1006 1119 1059 carnibus
1130 1024 1201 1062 orare
1211 1009 1288 1062 solito
1301 1026 1389 1065 corner
1400 1012 1556 1067 abstineant.
1573 1012 1641 1066 ilinc
1654 1014 1752 1071 iterum

967 1097 1023 1165 ipsc
1034 1097 1198 1168 Augustinus
1211 1101 1262 1155 ait:
1272 1099 1343 1156 Sane
1353 1103 1579 1171 quemadmodum
1589 1110 1752 1175 egrotantes

967 1206 1077 1245 necesse
1096 1193 1196 1247 babent
1220 1195 1309 1250 minus
1333 1197 1472 1264 accipere,
1489 1210 1522 1250 ne
1541 1204 1698 1267 graventur,
1713 1196 1751 1251 ita

966 1290 1027 1349 post
1049 1281 1234 1352 egritudinem
1252 1286 1291 1341 sic
1306 1288 1439 1342 tractandi
1464 1296 1540 1352 sunt,
1557 1295 1586 1342 ut
1606 1289 1686 1343 citius
1707 1302 1750 1343 re-

967 1381 1102 1427 creentur.
1119 1373 1173 1429 Sed
1187 1392 1247 1431 cum
1261 1379 1331 1434 vires
1347 1379 1477 1448 pristinas
1498 1380 1694 1449 reparaverint,
1708 1393 1751 1434 re·

968 1458 1049 1514 deant
1071 1461 1104 1515 ad
1124 1461 1271 1518 leliciorcm
1286 1466 1507 1520 consuetudinem
1531 1482 1617 1531 snam,
1631 1483 1692 1536 quae
1711 1466 1752 1521 la-

968 1547 1054 1602 mnlos
1066 1549 1113 1603 liei
1129 1558 1204 1604 tanto
1216 1552 1331 1620 amplius
1352 1553 1439 1615 dccet,
1454 1560 1555 1621 quanto
1578 1566 1667 1608 mrnns
1680 1554 1752 1609 indi-

968 1644 1041 1702 gent.
1070 1634 1124 1692 Nec
1154 1639 1207 1693 eibi
1232 1654 1279 1694 eos
1302 1649 1392 1695 teneat
1413 1641 1537 1712 voluptas
1552 1641 1609 1711 jam
1631 1656 1754 1712 rogatos,

131 1741 324 1811 conquiramus
343 1741 376 1793 gg
392 1738 461 1804 pris,
477 1746 506 1792 ug
527 1745 554 1792 οι
578 1737 615 1792 ῑιιῑ
639 1747 758 1807 [empore
773 1738 916 1793 infirmita.
932 1728 1328 1799 Bqnosnecessitasligaverat
1342 1731 1472 1785 infirmos.
1484 1731 1547 1785 lllos
1560 1733 1696 1788 aestiment
1711 1735 1752 1790 di-

132 1834 167 1886 tis
180 1839 280 1886 nostrae
291 1829 427 1897 copiosam
439 1829 589 1883 mercedem
599 1827 741 1883 serviendo
754 1827 917 1895 conquirant

131 1921 164 1975 de
184 1919 271 1975 nobis.
288 1918 357 1973 llinc
372 1916 516 1987 Apostolus
531 1918 569 1972 ait
584 1936 589 1970 :
607 1915 721 1970 latricem
735 1933 814 1970 onera
833 1926 916 1970 restra

129 2015 240 2079 portate,
253 2019 276 2061 et
289 2007 326 2061 sic
341 2005 513 2076 adimpiebitis
534 2005 614 2076 legera
629 2004 725 2058 Clrrirti
741 2003 845 2076 (Galat.
865 2005 914 2075 rr).

165 2099 236 2170 Erpa
249 2115 312 2152 cura
325 2098 440 2150 nranimn
461 2098 494 2150 sit
505 2096 592 2150 nbbnti
608 2114 639 2150 rrc
657 2095 771 2166 aliquam
786 2096 916 2167 negligen-

130 2192 193 2244 tium
207 2190 351 2261 patiantur.
366 2187 466 2254 eribas
479 2187 605 2258 frutribus
619 2187 731 2256 infirmia
744 2188 777 2240 sit
792 2187 857 2240 ceila
872 2203 916 2242 sn-

128 2297 175 2351 per
188 2297 216 2335 se
229 2280 364 2351 deputata,
380 2288 404 2331 et
421 2278 530 2332 seraitae
543 2278 634 2331 timens
648 2275 745 2340 Deum,
760 2286 784 2331 et
805 2277 916 2346 diligens

129 2388 160 2425 ae
179 2368 316 2426 sollicitas.
344 2367 385 2423 Sit
410 2384 475 2440 ergo
500 2367 606 2422 abbatis
626 2384 690 2422 cura
717 2376 746 2422 ut
770 2368 916 2438 separatim

129 2463 225 2519 cellam
250 2463 369 2516 babeant
388 2475 448 2515 cnm
470 2458 595 2514 omnibns
616 2458 872 2528 opportunitatibus,
886 2465 917 2512 ut

129 2555 230 2610 nullum
246 2553 409 2610 exteriorem
420 2551 541 2607 laborem
554 2552 684 2619 sentiant,
697 2553 743 2622 qui
760 2553 787 2607 in
807 2553 914 2608 inlrrma

129 2659 212 2700 cama
224 2657 331 2715 poenam
346 2649 464 2712 portant.
477 2641 679 2697 infirmantibus
697 2658 804 2714 quoque
814 2642 856 2699 vel
866 2643 916 2698 ali·

129 2752 181 2806 qua
202 2736 364 2791 necessitate
382 2733 566 2789 laborantibus
584 2734 649 2788 satis
662 2730 746 2788 [idelis
762 2741 789 2787 et
805 2740 915 2788 strenua

129 2825 209 2881 debet
222 2839 337 2895 persona
351 2825 483 2894 praeponi,
502 2839 562 2893 quae
575 2831 604 2878 et
615 2823 724 2893 aegrotis
735 2838 794 2877 cum
815 2822 916 2892 pictate

130 2914 242 2978 serviat,
263 2921 291 2967 et
308 2912 528 2967 monasterialem
554 2910 724 2980 disciplinam
754 2911 915 2982 regulariter

129 3001 277 3069 custodiat,
292 3009 389 3072 etquzc
405 3002 566 3057 conveniant
581 3001 695 3056 inbonis
718 3001 915 3058 rationabiliter

968 1814 1059 1877 tiores,
1079 1817 1123 1886 gari
1139 1818 1165 1871 io
1181 1817 1332 1872 sullerenrla
1352 1821 1486 1888 parcitate
1501 1820 1601 1875 luerint
1616 1820 1752 1878 lortiores.

968 1903 1061 1958 liclins
1077 1913 1119 1959 est
1133 1906 1205 1960 enirn
1219 1907 1308 1962 minus
1321 1923 1399 1977 egere
1416 1925 1496 1978 qrrnm
1510 1910 1570 1979 plns
1581 1911 1690 1966 babere.
1708 1914 1754 1968 bi-

967 1994 1059 2063 ligenti
1073 1995 1145 2049 enim
1159 1995 1317 2052 curiositate
1336 2000 1417 2052 debet
1438 2000 1521 2054 abbas
1536 2016 1694 2070 agnoscere,
1709 2002 1753 2059 vel

965 2084 1091 2152 probare,
1107 2100 1141 2138 nc
1158 2086 1219 2154 quis
1233 2102 1263 2141 se
1277 2086 1358 2158 fingat
1379 2097 1491 2159 propter
1514 2090 1668 2147 relectionis
1687 2093 1752 2148 eda·

966 2174 1075 2229 citatem
1086 2174 1233 2230 inllrmnm.
1243 2178 1309 2233 Nam
1322 2180 1367 2249 qui
1382 2196 1411 2236 se
1423 2182 1523 2237 dixerit
1535 2198 1594 2240 csse
1607 2193 1749 2256 aegrotum,

966 2272 993 2318 el
1005 2265 1038 2318 ad
1052 2279 1120 2333 opus
1136 2265 1186 2321 liei
1197 2283 1250 2321 non
1264 2271 1424 2337 surrexerit,
1440 2279 1468 2326 et
1479 2274 1609 2328 continuo
1623 2275 1750 2344 jacuerit,

966 2350 1115 2422 adeulpam
1131 2370 1184 2408 non
1199 2365 1320 2419 vocetur,
1329 2358 1412 2413 sedin
1429 2359 1754 2421 relectionesolummado

967 2457 1075 2510 succos,
1090 2446 1132 2499 vel
1144 2461 1207 2512 ava,
1221 2458 1268 2502 aut
1289 2450 1405 2505 calidam
1418 2466 1516 2522 aquam
1530 2454 1658 2526 accipiat,
1673 2466 1712 2523 ut,
1727 2459 1751 2515 si

966 2548 996 2591 se
1024 2535 1100 2608 lingit
1131 2548 1273 2610 aegrotum,
1298 2541 1339 2596 rel
1363 2540 1434 2598 lame
1464 2545 1641 2616 compellatur
1658 2546 1755 2607 levari.

966 2629 1017 2698 Qui
1031 2638 1122 2685 autam
1133 2633 1168 2687 ad
1183 2632 1303 2690 laborem
1314 2637 1465 2704 proclamat
1478 2653 1507 2694 sc
1518 2655 1571 2694 non
1587 2656 1678 2710 posse,
1689 2642 1754 2697 item

966 2719 999 2772 nd
1013 2720 1227 2778 manducandum
1237 2724 1375 2792 judicetur
1387 2743 1441 2782 non
1454 2744 1544 2798 posse,
1567 2733 1631 2801 quia
1645 2739 1751 2787 ulrum-

965 2830 1017 2884 que
1029 2831 1082 2871 non
1094 2832 1173 2886 passe
1183 2817 1295 2887 justitiae
1304 2822 1440 2876 convenit.
1456 2822 1484 2877 Si
1496 2837 1561 2878 vero
1572 2824 1606 2877 ad
1620 2824 1750 2880 laboran-

966 2904 1029 2959 dum
1055 2923 1106 2962 nan
1127 2925 1264 2978 possamus
1282 2910 1407 2977 dicimus,
1424 2921 1452 2967 et
1479 2913 1511 2967 ad
1536 2915 1754 2970 manducandum

967 3013 1018 3050 naa
1033 3015 1172 3067 poscantur
1196 3000 1325 3056 dicamus.
1354 3003 1531 3074 Oinjustitiae
1555 3006 1645 3062 netas!
1672 3017 1755 3078 caput

130 3092 274 3163 expendat,
289 3106 349 3162 quse
373 3101 400 3147 et
423 3091 560 3162 pulmenta
584 3102 692 3147 strenue
716 3100 859 3163 praeparet,
887 3082 950 3149 nc
968 3097 1107 3158 torquctur
1118 3091 1255 3147 doloribus
1266 3104 1377 3163 propter
1392 3095 1523 3162 laborem,
1539 3105 1566 3152 et
1579 3109 1674 3154 venter
1696 3114 1750 3155 noa

130 3185 279 3240 devotoeis
303 3184 455 3240 ministerio
477 3185 651 3251 obsecundet,
678 3193 707 3240 ct
730 3186 764 3241 dc
789 3187 832 3241 bis
856 3203 916 3258 truce

130 3273 183 3328 illis
196 3273 303 3329 residua
327 3283 390 3329 sunt
404 3287 491 3344 neque
512 3271 633 3328 lraadem
657 3272 751 3338 iaciat,
767 3288 855 3344 neque
871 3290 917 3329 oc-

130 3365 202 3420 culte
212 3364 376 3421 comestione
395 3380 424 3420 sc
436 3365 528 3420 illicita
550 3365 661 3435 polluat.
679 3366 765 3421 Tanta
781 3368 852 3421 enim
866 3366 917 3421 mi-

129 3453 277 3509 sericordia
294 3453 436 3509 foveantur
458 3454 575 3519 inllrmi,
592 3464 621 3509 ut
638 3470 688 3509 nec
702 3455 916 3526 propinquorum

131 3542 253 3610 affectus,
279 3558 330 3598 nec
348 3544 454 3598 urbium
478 3544 589 3599 delicias
607 3545 755 3614 requirant,
781 3542 828 3599 scd
845 3545 917 3614 qnod

130 3650 241 3691 neccsse
254 3635 409 3698 habuerint,
427 3637 584 3692 cellerarius
598 3646 625 3691 ct
647 3639 808 3708 praepositus
828 3638 918 3708 provi-

131 3725 221 3780 deant.
243 3725 297 3796 lpsi
315 3741 381 3782 vero
397 3727 496 3782 inllrmi
521 3735 595 3783 tanta
617 3728 798 3784 sollieitudine
822 3730 917 3784 admo-

131 3827 255 3885 neantur,
280 3827 311 3874 ut
337 3820 441 3875 deora
464 3834 559 3876 eornm
582 3836 633 3876 nec
654 3821 918 3892 quantulumeunque

131 3907 175 3962 rel
194 3907 261 3964 levis
273 3923 363 3965 sermo
375 3911 570 3965 murmurantis
587 3913 731 3980 procedat;
755 3913 801 3968 sed
819 3912 845 3967 in
869 3929 917 3968 sua

131 3995 289 4051 inllrmitatc
318 4013 380 4052 cum
407 3999 506 4054 mentis
534 3997 670 4055 bilaritatc
696 4009 723 4056 et
739 4017 803 4056 vcra
827 4002 918 4059 cordis

131 4087 337 4157 compunctione
349 4103 456 4159 semper
467 4090 523 4145 lico
546 4090 648 4159 gratias
661 4100 743 4162 agant
754 4110 761 4157 ;
776 4109 844 4162 quos
858 4093 918 4149 abs-

132 4193 184 4248 qne
199 4180 371 4235 concessione
388 4178 498 4250 nrajoris
517 4169 606 4235 nulln's
623 4181 720 4237 audeat
733 4182 854 4249 visitare,
868 4200 918 4240 nec

131 4267 296 4338 propinquos
309 4279 356 4324 aut
367 4283 510 4340 germanos
523 4271 580 4326 sine
593 4271 706 4340 imperio
715 4272 852 4343 praepositi
866 4275 918 4330 rni-

133 4358 264 4414 nistrandi
277 4359 415 4415 habebunt
435 4368 606 4430 potestatem.
620 4362 648 4417 ld
663 4363 743 4417 etiam
764 4379 813 4433 pro
826 4373 917 4420 custo-

132 4445 229 4500 dienda
243 4445 313 4502 lama
326 4448 480 4518 specialiter
491 4450 654 4515 studuimus,
667 4458 698 4504 ut
721 4452 811 4506 nullus
822 4423 956 4508 mana-D

133 4536 235 4592 chusia
245 4537 402 4594 infirmitate
412 4540 525 4609 positus,
533 4540 627 4596 relicto
640 4542 813 4608 monasteria,
822 4559 918 4613 paren-

134 4635 192 4681 tum
204 4644 315 4685 suorum
329 4633 419 4687 studio
436 4633 656 4698 commendetur;
675 4634 736 4701 quia
750 4636 836 4705 magis
856 4651 918 4691 eum

47 4767 49 4770 ,
134 4718 303 4775 saecularium
318 4722 532 4792 spectaculorum
546 4722 605 4778 visu
616 4731 644 4777 et
654 4725 747 4779 auditu
760 4725 843 4794 pollui
855 4740 919 4782 een-

133 4822 223 4862 semus
233 4822 314 4878 garam
328 4811 362 4864 ab
376 4812 534 4882 {egritudine
548 4828 627 4883 posse
638 4814 760 4884 purgari.

169 4896 328 4953 linlneorurrt
339 4917 401 4954 usas
413 4902 526 4970 infirmia
539 4902 639 4972 practica
662 4903 764 4973 expedit
781 4906 918 4973 offeratur.

87 4992 90 4997 '
135 4989 214 5043 Sunia
224 4999 353 5055 attremat
365 4993 478 5046 aracime
481 4993 741 5062 iuuenibus,tardiur
751 4997 920 5052 concedatur.

134 5076 318 5133 llincsanetus
328 5079 447 5136 isidorus
457 5082 495 5135 ait
503 5101 509 5134 :
518 5083 639 5139 Lavacra
652 5084 717 5138 mrlli
729 5087 862 5141 monacho
874 5086 922 5140 ad-

134 5168 221 5222 cunda
235 5169 324 5224 studio
341 5170 446 5226 meandi
467 5175 599 5243 eorporis,
615 5175 667 5229 nisi
683 5184 787 5230 tantum
800 5192 848 5247 pro
871 5192 921 5232 ne·

134 5261 259 5316 cessitate
280 5261 426 5333 languoris.
455 5264 510 5320 Nee
543 5265 719 5322 disserendum
741 5277 787 5335 est
812 5276 922 5340 propter

135 5349 279 5417 medelam,
295 5352 318 5406 si
333 5354 451 5422 expedit,
475 5370 526 5410 nce
541 5357 765 5410 murmurandum
792 5368 841 5422 est,
858 5361 922 5429 qnia

135 5453 189 5491 non
214 5439 244 5493 nt
267 5454 316 5510 pro
342 5445 460 5511 appetitu
481 5444 640 5516 voluptatis,
659 5447 705 5501 sed
726 5462 776 5517 pro
804 5451 923 5505 remedia

136 5533 241 5580 tantum
256 5529 360 5584 salotis.
381 5530 434 5585 Pro
453 5547 518 5587 cura
541 5535 665 5589 medendi
687 5535 844 5591 balneorum
858 5555 924 5594 usus

138 5633 243 5677 samma
265 5624 424 5679 adhibentur
452 5628 550 5682 studio.
581 5627 661 5683 Sanis
684 5643 763 5694 voro,
788 5631 922 5700 precipue

967 3190 1107 3251 torquetur
1121 3192 1231 3253 propter
1243 3186 1296 3239 cibi
1316 3186 1528 3242 distensionem?

1002 3272 1099 3327 Curam
1111 3283 1196 3328 aretem
1208 3276 1352 3330 monimum
1363 3277 1457 3331 babent
1468 3278 1548 3332 nbbns
1562 3295 1595 3332 ne
1612 3297 1628 3333 n
1643 3279 1753 3334 cellera-

967 3364 1013 3417 riis
1021 3374 1066 3417 aar
1078 3365 1247 3420 territoribus
1257 3367 1423 3436 negliguntur
1432 3370 1612 3441 infirmarum
1625 3373 1660 3425 ad
1670 3374 1755 3442 ipsam

967 3453 1070 3521 respicit
1094 3453 1221 3523 quidquid
1243 3457 1408 3524 ndiscipulir
1424 3458 1595 3529 delinquitur.
1612 3461 1680 3517 ilinc
1694 3464 1757 3534 qui·

966 3544 1027 3598 dam
1055 3545 1248 3598 monachorum
1272 3547 1402 3616 magister
1423 3550 1462 3603 ait
1480 3564 1487 3604 :
1502 3549 1594 3605 abbas
1612 3552 1693 3607 talem
1710 3569 1761 3608 cu·

968 3650 1025 3687 ram
1048 3633 1079 3687 de
1098 3633 1212 3689 infirmis
1231 3634 1338 3702 babeat,
1353 3637 1460 3706 qualem
1484 3654 1514 3694 se
1537 3641 1657 3711 racipere
1671 3656 1686 3695 a
1698 3641 1752 3695 Do-

968 3724 1041 3778 mino
1055 3730 1161 3792 sperat,
1189 3731 1218 3777 ut
1234 3740 1285 3781 nec
1299 3741 1313 3779 a
1328 3726 1470 3784 celleraria
1485 3728 1602 3800 aliquam
1618 3730 1756 3802 negligen·
1807 3760 1813 3767 ·

970 3814 1033 3869 riam
1048 3814 1147 3869 infirmi
1163 3816 1292 3871 sentiant.
1317 3816 1358 3873 ild
1377 3820 1500 3895 abbatem
1525 3820 1595 3876 enim
1623 3823 1753 3894 respicit,

968 3916 997 3959 nt
1025 3908 1184 3963 emendetur
1210 3909 1340 3981 qrridquid
1375 3926 1390 3965 a
1415 3912 1554 3993 discipulis
1576 3914 1753 3983 delinquitur.

969 3994 1045 4062 erod
1061 3997 1083 4050 si
1098 3997 1132 4051 ab
1146 3997 1191 4051 illo
1206 4013 1258 4053 non
1282 4000 1450 4066 emendatur,
1467 4002 1579 4071 acnlpae
1593 4002 1756 4074 negligentia

969 4083 1052 4138 abbas
1068 4098 1121 4138 non
1140 4084 1281 4139 liberatur.

1235 4194 1349 4252 CAPUT
1364 4195 1497 4254 xxxvii.

1160 4284 1199 4338 De
1222 4286 1326 4340 renibus
1348 4286 1388 4340 ael
1410 4287 1567 4358 infantibus.

1004 4376 1074 4432 Licet
1089 4377 1147 4449 ipsa
1168 4387 1264 4433 nature
1282 4381 1398 4434 bumana
1413 4382 1535 4436 trabatur
1553 4383 1589 4436 ad
1607 4383 1757 4439 praenarr-

968 4469 1076 4523 diarria
1089 4470 1368 4536 tessaradecades
1382 4471 1498 4527 uidelicet
1512 4483 1536 4527 et
1556 4474 1699 4544 infantum,
1713 4485 1757 4530 tn-

968 4575 1027 4612 men
1041 4567 1065 4612 et
1074 4557 1335 4629 Reguloeauctoritns
1345 4562 1383 4616 eir
1396 4564 1548 4632 prospiciat.
1561 4564 1621 4626 llic.
1631 4565 1695 4620 licet
1706 4582 1758 4636 pro

969 4647 1092 4717 quamvis
1109 4647 1227 4718 ponitur.
1250 4649 1290 4704 Ac
1304 4650 1326 4704 si
1342 4651 1413 4706 dicat
1430 4651 1581 4718 :Quamvis
1604 4654 1662 4724 ipsa
1677 4664 1757 4710 natu·

970 4736 1065 4790 ralitcr
1082 4738 1200 4792 bumana
1226 4747 1323 4793 natura
1349 4741 1459 4810 pietatis
1475 4742 1579 4797 viscera
1593 4743 1682 4812 plena,
1708 4745 1760 4801 bo·

971 4827 1070 4882 minem
1084 4828 1117 4882 ad
1130 4829 1342 4886 misericordiam
1358 4832 1504 4902 pertrabat,
1525 4842 1571 4888 ant
1584 4835 1695 4890 senibus
1708 4836 1759 4890 nri-

971 4927 1094 4974 sereatur
1107 4928 1134 4975 et
1147 4920 1311 4986 inlandbus;
1329 4932 1417 4978 tamen
1441 4933 1469 4980 ct
1484 4926 1593 4997 liegulae
1607 4928 1759 4985 auctoritas

972 5008 1011 5061 eis
1024 5010 1182 5079 prospiciat.
1197 5010 1335 5076 Quomodo
1349 5021 1438 5068 autern
1452 5017 1757 5088 prospiciat,seqnentia

972 5099 1033 5152 andi
1050 5118 1055 5152 :

1008 5187 1192 5243 Consideretur
1210 5207 1310 5258 semper
1320 5192 1348 5246 in
1360 5192 1396 5247 eis
1410 5193 1587 5260 imbecillitas,
1608 5207 1632 5252 et
1645 5195 1758 5250 ιιιιιὶαισ-

974 5293 1022 5330 nus
1033 5279 1069 5331 eis
1083 5278 1210 5332 districtio
1226 5279 1333 5350 ilepaite
1345 5285 1497 5340 tenenturin
1508 5285 1655 5348 elimentis;
1667 5282 1713 5337 red
1723 5283 1758 5335 rit

973 5366 1000 5420 irr
1012 5368 1048 5421 eir
1058 5368 1103 5438 pia
1116 5368 1300 5436 consideratio,
1308 5381 1331 5426 et
1342 5375 1500 5442 preveniunt
1512 5375 1591 5427 baras
1605 5372 1756 5427 canonicas.

975 5454 1042 5509 llioc
1067 5455 1161 5511 beatus
1180 5458 1297 5516 isidorus
1312 5463 1350 5515 ait
1370 5478 1377 5516 ε
1396 5461 1429 5516 lli
1452 5470 1541 5516 antem
1564 5460 1609 5529 qui
1623 5468 1759 5519 vetustata

974 5546 1096 5614 corporis
1108 5552 1270 5621 consumpti,
1282 5561 1329 5606 ant
1344 5563 1442 5607 teneras
1453 5552 1540 5605 naus
1553 5550 1699 5620 fragilitate
1711 5553 1759 5609 de·

975 5633 1043 5688 tenti
1071 5644 1144 5703 sant,
1159 5640 1323 5706 qrrotidianis
1344 5654 1397 5694 non
1420 5639 1562 5694 exercendi
1574 5637 1696 5708 iejuniis,
1724 5657 1762 5699 ne
