3810 6120
137 325 188 387 rit
551 321 811 381 COLLECTIONES
829 323 863 381 tlt
882 323 1071 385 eristotss
1090 324 1134 382 ET
1153 325 1357 385 branensis.
1717 326 1768 384 let

169 442 226 514 (Ea
241 438 339 511 Reda.)
352 437 633 509 madragintaautenr
643 439 702 494 dies
712 446 740 494 et
752 444 854 503 metes,
865 437 925 505 qni-
937 441 964 501 Α
974 436 1153 506 promissione
1170 437 1317 504 relicimur,
1335 438 1381 494 bie
1397 453 1451 494 nou
1460 448 1626 508 apponentes
1641 454 1698 505 cor,
1712 439 1771 497 dlis

133 537 259 592 bosenrn
269 539 368 595 tentat,
377 539 464 586 mrum
475 528 555 598 buius
563 531 655 586 saculi
663 537 768 602 tempus
777 531 927 594 insinuant,
978 537 1120 598 pascentes
1137 544 1244 584 rursum
1257 545 1314 585 cor.
1329 530 1396 586 ltem
1405 530 1580 602 Augustinus.
1596 531 1672 588 Sicut
1685 549 1769 589 unum

133 627 235 699 quibu
251 625 374 682 membra
396 623 472 694 eins,
494 623 621 679 videlieet
637 632 759 679 sanctam
777 622 928 678 &alesiam
978 625 1006 673 et
1022 619 1076 673 duo
1090 627 1118 674 et
1133 625 1188 675 tres
1205 628 1232 675 et
1248 631 1380 689 quatuor,
1403 621 1482 677 simul
1503 623 1597 677 mecm
1622 621 1707 688 fiunt,
1730 623 1772 679 sie

134 727 242 774 tenure
255 730 394 785 nunqnam
408 714 524 769 desistit.
545 713 611 780 Quia
626 714 753 768 nimirum
770 707 930 782 quatenar-
978 721 1062 760 unum
1073 714 1101 762 et
1118 708 1171 762 duo
1183 717 1212 764 et
1228 717 1284 763 tres
1301 717 1330 764 et
1351 718 1480 779 quatuor,
1499 721 1595 780 qnater
1610 712 1691 768 ducta
1703 725 1771 782 qus·

136 808 202 863 ritas
216 814 259 862 est
275 805 401 868 muudus,
415 805 441 858 in
456 819 510 873 quo
520 802 634 857 Domino
645 803 816 858 famulantur.
829 801 929 859 Dsoetn
979 795 1102 867 draginta
1116 797 1229 854 iaciunt.
1251 798 1299 856 Sic
1318 809 1410 855 aurem
1424 803 1614 871 quaternarius
1627 817 1769 871 numerus,

136 913 203 952 sero
219 903 283 952 sunt
303 901 448 966 praecepta,
474 907 524 962 per
546 907 660 961 quorum
682 892 883 947 observantiam
900 891 928 945 in
979 895 1053 943 recte
1074 888 1209 959 siguilicat
1229 905 1345 959 corpus,
1359 900 1471 961 propter
1484 901 1600 962 quatuor
1614 894 1772 951 rrotissimss

136 996 144 1045 i
158 987 254 1043 antino
264 983 436 1046 lamnhntss,
456 991 550 1039 contra
563 981 649 1036 hostis
663 979 791 1037 indefessi
806 979 929 1036 rnilitisrn
978 987 1099 1045 naturas,
1111 981 1209 1050 quibus
1219 988 1334 1044 constat,
1347 982 1458 1046 siccam,
1468 982 1617 1047 brrmiilam,
1631 982 1770 1056 frigidata,

136 1087 284 1134 remmus
304 1074 401 1130 ὒεαει
427 1080 515 1127 autern
534 1073 730 1141 quaterducta,
750 1071 931 1142 quadraginta
978 1067 1111 1123 callidam.
1136 1069 1170 1123 Et
1184 1070 1247 1140 qnia
1262 1072 1415 1140 progressio
1435 1071 1613 1140 iteponere
1631 1088 1718 1143 usque
1738 1073 1778 1130 sd·

136 1167 380 1234 [scientiamque
395 1171 482 1219 totum
506 1163 720 1217 militianostrsn
735 1168 852 1231 tempus,
867 1172 931 1231 apte
978 1157 1181 1229 longitudinem,
1197 1169 1222 1217 et
1238 1161 1433 1233 alongitudinc
1445 1164 1574 1232 usquead
1589 1164 1770 1229 latitudinem,

137 1255 355 1330 rpnsdngenario
372 1253 478 1308 dieram
493 1267 525 1307 ac
545 1252 665 1307 ssoctinm
683 1265 794 1306 nummo
807 1265 931 1320 compre·
978 1250 1774 1326 etabnltiludiueadsnliditstemcorporisqnaerursnsque

137 1350 276 1405 irendrur.
288 1346 444 1416 baptizatus
456 1359 521 1413 ergo
538 1343 667 1398 Dominus
690 1343 861 1411 expellimus
875 1343 931 1412 spi-
978 1345 1098 1399 ternario
1107 1361 1221 1405 numero
1231 1348 1413 1413 continentur,
1425 1364 1478 1403 nou
1490 1348 1606 1403 absurde
1616 1349 1774 1419 intelligitur

121 1440 194 1503 ‚rita
207 1439 235 1492 in
249 1438 385 1492 desertum
398 1443 426 1489 et
439 1441 587 1488 tentatma
606 1432 722 1499 Satana,
736 1440 767 1487 nt
776 1432 928 1504 exemplum
978 1433 1209 1506 quadragenarius
1218 1451 1348 1492 numerus
1359 1437 1533 1509 temporalem
1543 1438 1772 1506 dispensationem

137 1530 202 1584 vite
226 1527 282 1583 sais
299 1524 573 1593 nnelinnspraelear,
589 1523 635 1592 qui
655 1531 717 1593 post
740 1531 879 1591 acceptam
900 1523 929 1578 in
978 1522 1140 1595 significare,
1156 1539 1216 1594 quae
1226 1541 1275 1595 pro
1288 1525 1375 1583 salute
1387 1534 1480 1582 umba
1491 1536 1567 1597 gesta
1577 1535 1630 1593 est,
1643 1543 1707 1583 cum
1720 1528 1775 1585 ltn-

138 1620 276 1689 baptismo
288 1615 477 1673 remissionem
495 1621 682 1684 peccatorum,
707 1629 761 1669 nou
784 1613 871 1668 salutm
893 1612 929 1668 ad
978 1613 1068 1670 minus
1082 1630 1181 1686 corpus
1195 1618 1351 1688 assumpsit,
1364 1629 1391 1674 et
1404 1619 1548 1676 visibiliter
1560 1619 1716 1676 bortrinibus
1726 1635 1779 1694 sp-

137 1707 290 1765 exeremus
304 1720 386 1777 opera
400 1705 543 1768 virtutum,
554 1717 648 1758 verum
662 1702 745 1759 etiam
764 1702 798 1758 sd
810 1702 929 1757 toleran-
977 1717 1074 1772 parere
1099 1704 1225 1775 dignatus
1241 1715 1292 1762 est.
1320 1707 1407 1767 Unum
1432 1716 1538 1781 ergoet
1562 1711 1615 1766 duo
1632 1720 1659 1766 et
1673 1720 1729 1766 tres
1745 1719 1774 1770 et

138 1800 204 1852 i'am
227 1805 338 1867 propter
358 1794 491 1865 iustitiam
514 1792 729 1862 persecutionem
754 1799 818 1847 suut
839 1792 929 1848 acciu·
942 1791 966 1850 B
980 1803 1106 1862 quatuor,
1120 1810 1179 1865 quae
1190 1796 1344 1865 significant
1355 1797 1511 1855 Creatorem
1522 1815 1570 1868 per
1583 1801 1644 1862 tria,
1658 1809 1686 1856 et
1697 1816 1773 1857 crea-

138 1889 232 1960 gendl.
247 1887 355 1944 decedit
367 1886 440 1943 euim
453 1885 482 1939 iu
496 1884 643 1950 desertum,
657 1891 688 1938 at
704 1900 754 1940 nos
767 1885 873 1949 doceat,
885 1899 930 1940 re-
980 1893 1068 1938 ruram
1082 1899 1130 1953 per
1144 1894 1257 1954 septem,
1274 1901 1417 1941 numerum
1429 1888 1613 1952 hebdomadis,
1628 1903 1773 1959 perquam

138 1981 213 2038 lictis
224 1980 318 2035 mnndi
337 1977 472 2034 illecebris
482 1984 511 2032 et
521 1977 652 2032 societate
661 1990 817 2046 prasonem,
831 1976 930 2032 diuinis
979 1982 1068 2030 motus
1087 1976 1350 2043 mundireaolvitur,
1366 1977 1574 2046 quaterducta,
1599 1978 1625 2032 id
1648 1986 1700 2044 est,
1723 1994 1774 2048 per

138 2088 192 2141 per
212 2071 303 2127 omnia
324 2068 427 2125 seruire
441 2067 584 2122 mandatis.
609 2066 740 2122 Testatur
758 2065 897 2121 solitarius
914 2080 929 2119 a
979 2079 1077 2135 corpus
1095 2065 1279 2136 temporaliter
1292 2067 1489 2133 demonstrata,
1502 2066 1570 2125 bunt
1582 2069 1771 2140 quadraginta.

138 2160 261 2229 diabolo,
273 2138 395 2215 nt‘nobrs
407 2158 536 2218 insinuet.
559 2157 622 2227 quia
638 2171 749 2222 omnies,
772 2157 820 2226 qni
838 2156 931 2210 uolunt
979 2154 1048 2210 Nam
1061 2158 1132 2212 inter
1141 2169 1258 2228 quatuor
1271 2166 1299 2212 ct
1309 2165 1405 2228 qnater
1420 2159 1471 2213 lroc
1485 2159 1609 2225 interest,
1624 2161 1696 2231 quod
1706 2175 1774 2233 quse

138 2253 185 2324 pie
195 2253 290 2308 virere
302 2252 331 2307 in
341 2251 409 2320 ipso,
426 2251 640 2320 persecutionem
654 2250 804 2319 patiuntur,
824 2257 852 2303 et
867 2248 930 2318 qula
979 2254 1040 2301 tuor
1055 2247 1082 2301 in
1097 2255 1168 2302 statu
1186 2255 1257 2311 suut,
1273 2255 1370 2319 quater
1384 2247 1410 2303 iu
1428 2254 1513 2302 motu.
1528 2247 1599 2318 Ergo
1618 2249 1689 2305 sicut
1706 2263 1774 2319 qua·

138 2357 192 2413 per
205 2342 310 2397 multas
323 2339 507 2395 tribulationes
529 2346 637 2408 oportet
659 2353 709 2393 nos
726 2339 829 2394 intrare
842 2331 871 2392 in'
888 2353 931 2393 re·
981 2345 1041 2392 trior
1055 2337 1210 2392 reseruntur
1223 2338 1257 2393 ad
1274 2352 1387 2409 corpus,
1404 2338 1440 2392 ita
1459 2345 1556 2407 qnater
1568 2336 1723 2393 relemntur
1739 2337 1773 2395 ad

138 2447 228 2501 uum
246 2430 304 2487 Dei.
321 2430 642 2500 Testaterqnaslraginta
661 2427 754 2484 debus
773 2436 802 2483 et
816 2428 931 2498 quadra·
980 2436 1105 2500 tempus,
1135 2429 1342 2500 insinuaturque
1368 2437 1568 2483 sacramentnm
1595 2427 1774 2497 corporaliter

140 2523 219 2592 ginta
230 2520 364 2584 noctibus,
376 2528 405 2573 ut
418 2518 519 2574 indicet
531 2518 606 2588 quia,
616 2517 737 2587 quandin
753 2517 798 2573 blc
810 2517 931 2571 viventes
980 2530 1094 2590 gestum,
1108 2529 1220 2591 propter
1238 2536 1285 2575 eos
1305 2520 1351 2589 qui
1369 2535 1512 2589 corporum
1533 2535 1625 2577 amore
1642 2509 1772 2590 implicati

142 2613 258 2668 mirra
274 2612 417 2674 servimus,
439 2611 496 2666 siue
512 2624 640 2681 prospera
652 2610 842 2676 blandiantur,
858 2610 931 2680 qood
980 2619 1073 2674 erant,
1099 2620 1127 2665 et
1148 2612 1314 2681 temporibus
1332 2611 1442 2667 subditi.
1459 2611 1694 2684 andmgcnarius
1709 2596 1774 2686 ergo

141 2703 179 2758 ed
192 2703 252 2758 dies
263 2702 391 2771 pertinet,
400 2716 449 2756 seu
460 2717 511 2757 nos
520 2702 634 2756 aduersa
644 2698 753 2765 tenant,
764 2700 836 2770 quod
845 2700 932 2756 noeds
980 2715 1122 2765 uumerus,
1135 2708 1165 2754 ut
1179 2701 1280 2756 dictum
1301 2708 1358 2767 est,
1379 2701 1555 2774 temporalem
1569 2701 1654 2771 ipsam
1670 2701 1779 2772 dispen-

144 2794 240 2866 iignrae
254 2794 394 2866 congruit,
420 2809 526 2864 semper
547 2792 747 2848 ambulantibus
762 2793 788 2846 in
802 2792 860 2862 lege
876 2791 931 2848 Do·
981 2790 1124 2854 sationem,
1140 2806 1193 2845 non
1208 2791 1355 2862 incongrue
1367 2790 1521 2860 significare
1535 2790 1664 2846 creditur.
1677 2791 1710 2845 ln
1720 2790 1783 2869 ior-¹

143 2885 212 2939 mini
228 2884 298 2940 adsit
322 2891 380 2941 toto
399 2881 718 2951 celeadrersarius,qni
735 2881 788 2937 iter
810 2888 932 2937 nostrum
982 2887 1053 2935 tasso
1069 2882 1183 2943 boccst,
1198 2883 1261 2951 qnia
1277 2883 1456 2952 qnadraginta
1478 2882 1537 2936 dios
1554 2882 1683 2937 llomiuus
1701 2882 1772 2953 jeju-

142 2973 274 3028 tontando
286 2972 416 3043 impedire
428 2989 481 3029 non
494 2981 591 3029 cessat.
982 2971 1066 3034 navit,
1080 2972 1170 3025 seculi
1182 2970 1271 3043 liujus,
1286 2972 1357 3040 qnod
1375 2980 1448 3025 motu
1468 2984 1611 3040 corporum
1625 2979 1654 3026 et
1668 2980 1773 3042 tempo·

179 3063 237 3134 (lis
248 3062 380 3120 Ambrosl
393 3063 528 3134 ieiunarit
546 3065 684 3130 Dominus,
705 3079 766 3120 cum
780 3071 931 3120 tentaretur
983 3061 1058 3116 ribus
1072 3064 1169 3132 agitur,
1184 3063 1328 3119 ostendens
1342 3064 1470 3133 inopiam.

144 3152 421 3217 memnonem
438 3154 526 3208 ,usuc
543 3154 678 3225 saurgom.
701 3153 872 3215 ursonem
885 3128 968 3208 ntC
1020 3150 1115 3208 rain
1134 3156 1235 3209 essen
1259 3155 1309 3225 (nx
1327 3153 1419 3227 sees.)
1442 3154 1518 3222 ouon
1540 3163 1631 3210 aaran
1645 3155 1775 3212 murum

144 3249 202 3297 tenu
216 3249 244 3297 st
256 3242 335 3307 bibit,
345 3257 407 3297 eum
419 3243 616 3313 glorificaretur
625 3252 686 3312 post
694 3244 931 3309 resurrectionem,
983 3245 1175 3301 consummatis
1186 3243 1281 3313 jejurnii
1297 3245 1403 3310 diebus,
1419 3246 1525 3310 murriir,
1544 3260 1604 3300 cnm
1622 3246 1656 3300 sle
1681 3243 1772 3316 lloyse

140 3332 202 3400 ianr
222 3333 283 3388 ribo
303 3348 356 3388 non
371 3333 501 3403 indigens.
527 3332 577 3389 llic
597 3335 670 3389 enim
691 3334 889 3391 ostendebatiu
901 3349 933 3389 ss
983 3332 1025 3387 rel
1047 3333 1121 3388 liclia
1140 3333 1325 3403 ieiunantibus
1344 3335 1412 3389 nibil
1426 3335 1481 3389 tale
1498 3336 1535 3390 sit
1549 3335 1690 3405 scriptum,
1713 3335 1775 3390 inm

145 3433 270 3481 mtrem
280 3424 411 3492 laborem,
422 3425 575 3480 illicanrcm
586 3426 613 3480 in
631 3427 708 3485 mnis
723 3440 798 3480 suam
811 3425 935 3481 consola·
983 3423 1085 3479 tamum
1098 3433 1151 3490 est,
1166 3442 1201 3481 ne
1213 3426 1247 3482 ab
1262 3442 1294 3482 eo
1311 3426 1438 3482 tentando
1456 3441 1556 3496 parens
1571 3427 1656 3481 bostis
1668 3427 1776 3500 aulnge·
1804 3442 1807 3447 ·

145 3514 261 3580 donem
275 3514 456 3586 quadragenis
467 3516 562 3571 diebus
571 3525 715 3586 utrumqne
723 3516 864 3572 definiens.
875 3517 934 3584 ero
984 3523 1123 3586 rct,quem
1134 3532 1194 3571 cum
1203 3525 1242 3570 tot
1254 3517 1336 3587 signis
1345 3517 1502 3572 coelestibus
1514 3525 1705 3587 praeconatum,
1716 3528 1773 3573 tunt

145 3618 262 3662 nurnero
274 3606 485 3679 quadragesimae
497 3606 576 3675 Arrius
592 3609 681 3663 seculi
701 3609 845 3679 siguincsri
860 3611 935 3664 ride-
983 3607 1065 3660 etiam
1088 3607 1155 3661 uiris
1174 3607 1417 3672 excellentissimis,
1441 3609 1468 3662 in
1492 3608 1653 3663 alstiuendo
1672 3609 1776 3664 videret

146 3705 193 3752 tnr
215 3711 363 3752 excursus:
391 3698 417 3751 io
432 3699 475 3752 bis
488 3698 533 3767 qui
548 3707 679 3753 rocautnr
701 3712 750 3767 per
770 3699 883 3767 gratiam
900 3697 934 3752 ad
983 3705 1128 3769 equarum.
1168 3698 1261 3753 listrrir
1271 3699 1344 3753 enim
1359 3699 1469 3754 humilis
1481 3698 1552 3753 Deus
1563 3699 1654 3764 bomo,
1673 3713 1707 3753 ne
1722 3699 1775 3754 inl-

144 3787 281 3857 enm,qni
297 3802 351 3842 neo
370 3788 445 3842 seuit
460 3787 546 3857 legem
567 3786 679 3849 soluere,
704 3787 751 3842 sed
775 3787 933 3856 adimplere.
985 3791 1055 3846 mico
1068 3787 1228 3856 innotescit,
1245 3791 1367 3846 sublimis
1381 3792 1463 3846 bomo
1475 3792 1556 3847 Deus.
1569 3789 1646 3847 Sicut
1660 3792 1732 3846 enim
1747 3792 1776 3847 iu

147 3877 247 3934 nonen
258 3893 375 3949 namque
386 3887 520 3948 praecepta
532 3886 595 3934 sunt
607 3877 681 3948 legis.
693 3875 751 3934 dam
761 3876 936 3950 gratiaCbriv
985 3885 1161 3956 quandraginta
1180 3885 1285 3940 dierum
1306 3883 1409 3952 jujunio
1422 3899 1503 3938 verns
1525 3898 1585 3939 esse
1605 3883 1676 3938 Deus
1694 3897 1777 3954 appa

145 3968 184 4025 ⁸¹5
199 3966 294 4026 ΜΝ
308 3984 358 4040 W
369 3969 510 4034 mundum·
523 3978 551 4024 0²
561 3969 774 4039 (blidfillffl'fflffl
793 3975 835 4023 ⁶⁵⁸
858 3983 936 4023 ’Μ’
985 3978 1050 4042 ruit,
1063 3979 1102 4034 sic
1119 3979 1145 4032 iu
1161 3977 1250 4033 esurie
1265 3992 1346 4031 serus
1356 3991 1417 4032 esse
1430 3976 1581 4031 credendus
1594 3984 1635 4030 ost
1648 3976 1739 4030 homo.

145 4061 211 4125 ⁶⁰⁸2
231 4068 260 4116 Β
279 4061 373 4117 &mm
395 4060 598 4131 bffldffiffifflffi
622 4061 798 4131 ‘luadfflssimi
822 4060 933 4117 satiust
1021 4070 1056 4124 Et
1070 4069 1195 4126 accedens
1217 4077 1345 4133 testator,
1364 4067 1431 4121 dirit
1453 4067 1498 4121 ei:
1519 4065 1549 4121 Ss'
1571 4064 1657 4120 rtrrn
1677 4065 1725 4119 Dei
1737 4081 1775 4120 es.

147 4149 282 4217 ΜΝ
293 4151 341 4221 «Ιθὶ
353 4150 485 4221 redtfflllfl
499 4158 586 4206 sunia
602 4151 724 4214 Dssmitw,
740 4152 773 4206 de
783 4151 936 4221 reltlosstbtlt
986 4161 1140 4228 Quaeritur,
1156 4174 1209 4228 qna
1232 4173 1315 4213 causa
1338 4157 1522 4212 estimarent
1535 4170 1596 4210 enm
1612 4155 1709 4208 Filium
1727 4155 1775 4211 boi

148 4242 325 4314 mlii
342 4257 400 4307 0⁰⁸,
416 4243 449 4298 Ab
462 4242 571 4297 Olitssle
586 4249 613 4297 ⁰1
626 4240 780 4306 Occidente,
802 4242 837 4295 ab
854 4239 937 4310 Aqui·
984 4265 1054 4305 essc.
1071 4249 1203 4307 Nimirum
1218 4249 1390 4319 permittente
1401 4247 1467 4313 Deo,
1478 4247 1602 4301 audierat
1613 4247 1722 4302 Patrem
1736 4248 1776 4302 di·

147 4332 213 4388 tone
233 4339 262 4387 ἅ
281 4332 360 4386 Μή·
382 4330 511 4399 leiwan!
532 4331 622 4401 linque
641 4331 819 4402 quadraginta
840 4330 937 4385 diebus
985 4349 1091 4398 contem
1105 4358 1112 4394 :
1128 4339 1227 4394 llicen
1240 4338 1328 4393 Filius
1337 4355 1410 4393 reesa
1427 4337 1549 4402 dilectas,
1562 4338 1619 4393 siue
1633 4339 1693 4393 idco
1711 4340 1776 4407 qnia

150 4436 216 4481 ante
224 4432 337 4481 murum
347 4425 448 4490 camb,
462 4425 535 4480 uelut
544 4425 657 4480 clamat:
670 4424 802 4480 Abstinere
813 4440 880 4479 rosa
890 4423 935 4478 de·
947 4467 974 4527 D
988 4432 1014 4489 in
1029 4431 1166 4502 prophetis
1180 4447 1241 4486 enm
1256 4431 1445 4500 prophetarum
1463 4437 1585 4485 noverat,
1608 4429 1662 4500 (En
1685 4429 1776 4503 liniq.)

149 4515 256 4571 sideriis
277 4517 357 4588 tuisse
377 4514 477 4572 artesii.
495 4515 660 4571 blandinensis
681 4523 771 4570 autem
790 4523 818 4570 et
840 4516 936 4571 bibens
987 4524 1090 4591 Quaerit
1105 4523 1367 4591 unsarorquodnon
1379 4522 1698 4588 umrebaturagnoscere.
1712 4521 1778 4589 Ejus

146 4607 738 4680 wffldhflflfflmssmffloefiwffl
751 4607 850 4671 &miss
863 4606 936 4661 '0¹¹¹‘
989 4633 1106 4687 namque
1119 4615 1272 4671 veneranda
1291 4613 1427 4677 nativitas,
1446 4614 1490 4669 vin
1511 4621 1575 4669 tune
1592 4615 1685 4683 paucis
1699 4615 1778 4671 insto·

149 4700 302 4757 ὼῦώῦῑῑ
317 4700 386 4756 3⁶⁶⁰
396 4716 444 4771 θ90
458 4700 588 4756 Num*
597 4716 655 4754 ‘Am
666 4716 747 4771 ΝΜ
759 4700 795 4753 ⁰¹¹
813 4714 935 4754 mmm·
990 4712 1051 4778 tnit,
1064 4710 1161 4783 quibus
1176 4717 1265 4765 tamen
1280 4707 1337 4778 ipse
1350 4706 1469 4762 revelare
1483 4705 1608 4774 dignatus
1626 4713 1677 4763 est.
1700 4705 1777 4761 Prio-

150 4795 292 4849 ΝΜ
314 4792 406 4848 ’ΜΗ
426 4792 533 4863 (mmd-
548 4789 664 4862 “fmi-
686 4791 820 4862 'Cilnium
835 4793 936 4863 quill*
989 4802 1074 4872 eipenr
1086 4816 1151 4856 uero
1163 4799 1243 4868 burins
1256 4797 1346 4855 securli
1361 4796 1499 4855 latuerunt
1509 4796 1560 4850 ista
1574 4798 1624 4855 tria
1635 4797 1776 4867 mysteria,

149 4894 196 4943 cst
208 4887 234 4940 in
246 4885 417 4941 serenatione
429 4870 597 4940 certaminis.¹
609 4882 740 4950 Quoniam
755 4884 800 4952 qni
814 4884 840 4938 in
851 4897 936 4953 agone
989 4892 1015 4947 in
1028 4900 1071 4948 cst
1082 4892 1233 4962 virginitas,
1249 4896 1344 4961 parnis
1361 4897 1390 4942 et
1403 4887 1504 4957 passio.
1521 4887 1575 4958 (En
1586 4887 1682 4959 Reda.)
1701 4889 1779 4950 dnti-

145 4986 204 5042 «st,
212 4977 248 5032 ab
257 4977 383 5034 erunibus
393 4976 532 5032 abstinens
541 4984 590 5031 est.
599 4974 682 5030 Cibus
694 4982 783 5030 animm
792 4976 819 5030 in
830 4991 878 5046 spe
889 4991 938 5046 pa·
989 4997 1059 5051 quus
1070 4980 1157 5036 bostis
1170 4977 1377 5048 Redemptorem
1386 4976 1498 5037 humani
1512 4977 1619 5047 generis
1632 4977 1778 5035 debellans

146 5067 201 5132 eis,
212 5081 272 5137 quae
283 5064 402 5136 perlecta
414 5080 466 5120 non
480 5067 542 5131 erit,
556 5065 607 5120 nisi
620 5080 680 5120 cum
690 5079 790 5135 corpus
802 5072 936 5131 nostrum,
989 5086 1046 5127 rem
1060 5085 1138 5125 suum
1150 5069 1178 5123 in
1194 5067 1324 5123 mundum
1337 5066 1444 5121 uenisse
1456 5067 1592 5136 cognorit,
1607 5067 1677 5123 unde
1689 5076 1718 5124 et
1729 5083 1778 5139 pes

148 5157 228 5228 majos
242 5165 430 5228 exspectamus
443 5155 654 5225 redemptionem
669 5154 785 5209 induerit
797 5154 936 5208 immortn·
988 5161 1129 5216 obsessum
1140 5158 1277 5215 bominem
1286 5158 1368 5215 dixit:
1382 5157 1452 5227 Quid
1462 5159 1536 5213 nobis
1549 5169 1573 5213 er
1584 5159 1640 5225 tibi,
1654 5159 1707 5219 Fili
1718 5159 1776 5225 Ilei,

148 5247 268 5313 litatem,
283 5246 356 5317 quod
378 5246 495 5301 monum
519 5244 692 5315 adipiscendo
708 5243 868 5315 moriamur,
888 5243 937 5298 sed
989 5250 1081 5314 vertisti
1101 5249 1171 5313 Aac,
1194 5256 1255 5301 anre
1278 5257 1377 5317 tempos
1397 5257 1516 5319 torquere
1540 5266 1596 5304 nos.
1623 5249 1673 5317 Qui
1688 5259 1777 5310 tamen

147 5338 285 5409 sperando
294 5338 350 5408 lam
363 5337 514 5407 psseimrrr,
538 5344 682 5405 utrumqne
698 5334 842 5405 Apostolus
856 5335 936 5390 simul
988 5332 1072 5406 prius,
1085 5351 1146 5391 cum
1156 5337 1228 5390 lrunc
1236 5334 1392 5405 passibilem
1402 5345 1537 5402 cerneret,
1548 5353 1609 5393 cum
1619 5353 1698 5408 posse
1709 5352 1779 5403 mon-

145 5443 200 5485 nos
211 5443 291 5502 agere
302 5429 431 5494 ostendit,
446 5429 558 5485 dioensr
578 5425 628 5495 Spe
641 5425 798 5496 presentes,
813 5425 839 5477 in
854 5424 936 5478 tmin-
989 5425 1052 5480 talia
1066 5425 1169 5495 perpeti
1179 5425 1576 5492 hnmanitasuiderctur,omne
1590 5425 1704 5499 quotide
1718 5422 1777 5495 eq'us

146 5519 248 5576 inrisas
267 5521 404 5590 patientes.
422 5520 561 5590 Tanquam
577 5517 649 5573 aliud
663 5523 736 5572 essct
749 5516 774 5570 in
793 5515 869 5580 cibo,
884 5514 936 5570 boc
988 5515 1129 5571 diuinitate
1142 5516 1295 5587 suspicatus
1308 5525 1367 5583 est,
1381 5517 1407 5573 ei
1421 5516 1493 5572 fastu
1526 5531 1582 5572 suae
1601 5516 1734 5590 superbie
1747 5516 1777 5583 irs

145 5610 176 5670 in
186 5611 300 5685 jejunio.
315 5612 401 5670 Simul
414 5613 485 5668 enim
503 5626 566 5667 cum
578 5610 651 5665 riam
662 5606 768 5663 bomini
784 5606 933 5675 carpimus,
988 5607 1096 5662 dubium
1111 5607 1195 5661 scuit.
1219 5607 1291 5662 Nihil
1314 5609 1413 5678 qnippe
1432 5608 1484 5663 nisi
1499 5606 1644 5676 superbum
1656 5586 1775 5678 sapiens',

145 5713 175 5760 ot
195 5706 346 5762 avanitate
366 5703 506 5776 praeemit
529 5701 618 5759 sacrrli
634 5701 798 5773 jejunamus,
810 5705 838 5753 et
851 5697 933 5753 luituri
988 5699 1049 5754 door
1064 5714 1124 5754 csse
1140 5699 1213 5754 btrnc
1232 5699 1360 5755 humilem
1381 5697 1526 5768 conspicit,
1547 5697 1631 5753 Deum
1653 5701 1775 5757 essedu-
