3810 6120
131 240 189 303 205
543 235 802 296 cotlecvtertes
820 235 853 292 tv
873 230 1126 295 sessionnem
1147 231 1353 296 Evuuebtlt.
1716 236 1772 298 tun

132 349 304 411 inbrnritatis
326 346 479 404 voluntaria
503 345 679 402 similitudine
696 345 852 402 consolatus
872 353 924 401 est.
940 343 1012 406 Alit
1023 344 1105 412 Deva,
1118 345 1215 416 inquit,
1229 345 1391 416 ιιιήιιιιιιιι
1401 356 1439 402 ert
1451 347 1479 402 ln
1500 363 1540 403 eo.
1553 342 1614 419 ipsa
1627 344 1701 408 enlm
1716 352 1772 409 ela·

131 442 250 513 Quando
272 440 409 506 turbatur,
423 439 471 508 qni
497 452 551 493 non
578 438 736 493 turbaretur
754 437 806 492 nisi
822 437 926 502 volens,
981 435 1095 493 rilicatio
1109 436 1216 493 estFilii
1233 438 1362 504 bominis,
1374 447 1405 493 nt
1426 440 1497 495 [leus
1511 438 1675 496 clarificetur
1686 443 1713 498 in
1727 459 1770 501 eo.

131 549 199 591 enm
213 530 372 589 maculatur
383 529 429 598 qui
445 527 571 582 turbatur
585 535 614 582 et
627 526 733 582 nolens.
979 525 1170 593 binominus,
1190 528 1298 599 inquit,
1322 528 1476 598 clarificavit
1496 544 1576 598 eant,
1596 534 1773 590 resurrectio·

169 621 412 695 Aspiciebcntergo
427 618 574 673 adinvicem
588 617 720 687 discipuli,
734 617 929 673 inritentesde
979 631 1041 672 nent
1063 618 1346 685 scilicetsnam‚non
1359 620 1430 676 sicut
1451 631 1573 676 nostram
1596 623 1623 677 ln
1644 622 1700 682 nne
1719 640 1771 681 sm·

131 712 306 784 prediceret,
318 708 472 778 etreliqua.
489 706 536 762 Sic
559 707 658 777 quippe
682 707 710 761 in
723 706 764 763 eis
787 715 849 762 erat
863 721 928 779 erga
979 706 1047 773 uili,
1069 708 1118 764 sed
1131 708 1259 764 mutiano
1283 707 1402 764 loturam
1419 709 1471 766 ltac
1489 711 1664 768 attestatione
1674 715 1774 787 predi·

131 801 296 874 magistrum
320 814 400 855 sunm
421 799 466 868 pia
492 797 623 862 ebaritas,
646 805 783 852 attamen
806 812 854 853 eos
877 798 929 853 hu·
978 811 1053 854 ceos.

130 909 216 950 mena
233 892 350 947 alterum
374 889 408 945 de
422 889 507 943 altero
522 887 676 943 stimularet
689 887 843 944 iullrmitas.
859 889 927 944 Nota
1013 885 1118 955 Filioii,
1130 889 1217 943 ediec
1227 890 1359 944 modicum
1371 890 1503 946 colim
1513 906 1582 947 tunt.
1593 890 1773 964 deputarent

130 983 244 1053 quidem
258 980 309 1035 sibi
321 986 381 1034 erat
394 977 525 1047 cujusque
538 976 715 1043 couscientia,
727 988 926 1044 verumtamen,
978 991 1054 1051 ergo,
1069 979 1141 1049 quod
1152 978 1193 1034 sic
1205 993 1267 1034 eum
1281 979 1481 1037 clarificaturus
1494 989 1568 1038 esset
1577 982 1659 1051 Deus,
1673 993 1704 1041 ul
1715 1000 1772 1042 noa

130 1074 196 1146 gnie
214 1072 331 1144 proximi
344 1077 404 1125 erat
426 1070 527 1141 ignata,
542 1070 579 1124 ita
599 1069 650 1125 sibi
663 1069 787 1140 singulas
810 1071 927 1142 quisque
977 1068 1018 1123 eis
1030 1068 1244 1140 conjungeretur
1255 1069 1370 1126 ulterius
1391 1085 1423 1126 ee
1440 1075 1647 1131 conversatione
1667 1090 1722 1148 qua
1743 1077 1772 1133 in

131 1172 306 1229 certnserst,
321 1169 352 1217 ut
373 1161 469 1216 incerti
489 1161 749 1225 essent,eteeteris
765 1160 874 1232 singuli,
899 1169 928 1216 et
978 1167 1052 1216 terra
1066 1168 1129 1216 est:
1157 1160 1262 1226 Adire,
1275 1162 1373 1233 iuquit,
1397 1163 1530 1218 modicum
1545 1165 1677 1222 totitem
1698 1185 1771 1237 tens,

131 1255 249 1326 singulis
260 1252 362 1310 ceteri.
379 1251 447 1305 Erat
464 1266 525 1321 erpo
541 1248 692 1305 recumbens
707 1262 777 1304 ιιιιιιι
798 1265 832 1304 en
848 1251 928 1305 dirci-
978 1260 1107 1322 unquam
1118 1251 1235 1307 diceret:
1245 1251 1380 1308 Contirruo
1391 1253 1499 1324 quidem
1508 1257 1709 1313 resurrectione
1719 1257 1773 1314 cla·

129 1349 202 1423 pulis
212 1348 270 1418 ejus
289 1349 317 1402 in
328 1347 388 1401 ιίιιιι
398 1344 473 1399 lesu.
497 1343 549 1411 Qui
562 1342 630 1398 dixit
643 1344 671 1397 in
687 1343 758 1411 ains,
773 1343 928 1415 paulopost
977 1343 1178 1411 rilicabor,non
1194 1355 1285 1402 emen
1297 1346 1426 1401 continuo
1438 1360 1603 1403 escensurus
1618 1348 1771 1416 incnelum,

130 1443 183 1505 ait,
210 1454 288 1510 super
303 1445 400 1508 pectus,
419 1435 478 1506 ipse
492 1442 534 1489 est
552 1431 685 1498 lnautres,
711 1431 789 1503 culus
814 1443 857 1490 est
875 1436 927 1492 lroc
977 1435 1026 1492 sed
1035 1437 1123 1491 adbuc
1134 1437 1270 1492 modicum
1284 1437 1423 1492 vobiscum
1438 1452 1510 1502 sum,
1526 1438 1598 1493 sicut
1611 1440 1684 1494 euim
1703 1441 1772 1496 scri·

129 1530 318 1604 Evangelium.
332 1527 427 1598 ltaque
446 1542 508 1582 cum
523 1527 705 1593 recubuisset,
718 1527 756 1582 ait
774 1526 830 1593 ille,
845 1543 926 1598 supra
977 1534 1053 1597 ptum
1065 1536 1108 1581 est
1125 1527 1153 1581 in
1165 1527 1272 1583 actibus
1284 1526 1477 1597 Apostolorum
1491 1526 1567 1599 (Gap.
1581 1527 1619 1601 r),
1631 1527 1697 1586 lecit
1708 1545 1772 1586 cum

129 1634 229 1697 peetus
247 1619 321 1687 lesu,
340 1621 385 1675 bic
404 1627 447 1675 est
458 1619 552 1689 utique
565 1619 684 1691 pectoris
696 1620 772 1675 sinus
787 1621 927 1691 sapientiae
977 1619 1017 1675 eis
1028 1628 1090 1690 post
1103 1620 1333 1675 resurrectionem
1347 1619 1528 1693 quadraginta
1543 1621 1611 1688 dies,
1626 1622 1733 1679 intrans
1743 1633 1772 1679 et

129 1724 277 1781 secretum,
292 1715 359 1771 dicit
368 1713 394 1769 ei
408 1732 415 1768 ε
428 1714 550 1779 lienum,
561 1713 619 1785 quit
639 1712 695 1768 est?
707 1711 857 1784 Respondit
878 1712 925 1770 le·
940 1701 963 1760 Β
976 1711 1082 1778 exiens,
1097 1712 1264 1766 manducans
1280 1717 1309 1767 at
1331 1710 1441 1776 bibens,
1456 1724 1510 1766 non
1531 1712 1641 1782 quidem
1667 1714 1772 1772 babens

130 1807 267 1867 sussilit
290 1817 327 1862 eat
341 1808 384 1862 cui
405 1805 545 1860 intinctum
570 1821 664 1875 pauent
687 1821 845 1876 parcerem
866 1820 926 1860 cunt
975 1802 1113 1858 esuriendi
1132 1816 1164 1858 ec
1186 1800 1295 1858 sitiendi
1316 1810 1476 1872 egestatem,
1499 1801 1547 1858 sed
1564 1816 1650 1872 usque
1668 1804 1703 1859 ad
1718 1803 1771 1859 ista

128 1900 280 1954 detinuisset
298 1913 403 1969 penem,
418 1897 490 1950 dedit
502 1894 583 1950 iude
595 1908 604 1947 .·
615 1903 677 1967 post
690 1909 789 1966 panem
803 1895 928 1951 introivit
975 1893 1068 1948 carnis
1091 1893 1232 1948 insinuans
1244 1892 1399 1957 veritatem,
1415 1905 1476 1962 quse
1493 1892 1602 1948 cibandi
1616 1893 1770 1964 acpotaudi

129 1990 160 2046 in
182 1989 260 2045 illum
284 1987 409 2044 Satanas.
436 1985 587 2056 Eapressus
609 1993 652 2040 est
668 1985 795 2053 traditor,
818 1984 927 2041 nudate
973 1985 1031 2058 lem
1051 2000 1107 2040 uon
1121 1984 1239 2040 babebat
1250 1984 1452 2052 necessitatem,
1466 1984 1514 2040 sed
1529 1991 1701 2055 potestatem.
1715 1985 1772 2043 llos

130 2088 197 2136 sunt
214 2078 326 2134 taleme
346 2076 648 2137 tenebrarum.Bonum
661 2084 704 2132 cst
724 2074 795 2147 quod
811 2077 925 2147 accepit,
976 2091 1041 2150 crgo
1063 2075 1241 2148 quadraginta
1263 2074 1323 2131 dics
1347 2074 1510 2146 significavit
1528 2074 1643 2131 dicendo
1656 2090 1664 2129 ι
1678 2075 1772 2157 edire

129 2173 180 2230 sed
209 2172 280 2227 main
304 2186 353 2226 suo
374 2170 495 2240 accepit,
526 2170 590 2240 qnia
618 2171 690 2226 male
716 2171 818 2226 bonum
841 2172 927 2228 matus
976 2165 1108 2219 modicum
1133 2164 1265 2218 remanent
1280 2178 1350 2230 suan,
1374 2178 1409 2218 an
1436 2163 1510 2219 aliud
1530 2164 1651 2234 aliquidl
1675 2163 1769 2221 Potest

130 2265 247 2336 accepit.
263 2263 333 2331 Quid
346 2271 407 2319 eret
422 2271 512 2317 autom
526 2262 604 2333 panis
620 2262 745 2318 traditori
759 2260 854 2328 datus,
874 2263 926 2319 uisi
975 2255 1049 2310 enim
1063 2263 1092 2311 el
1107 2255 1147 2309 Sic
1161 2253 1285 2326 intelligi,
1299 2253 1388 2309 adhue
1399 2255 1535 2310 modicum
1545 2255 1686 2311 lobltctt!
1698 2270 1769 2311 sum·

130 2352 328 2410 demonstratio
354 2351 398 2407 cui
420 2351 513 2422 gratie
527 2349 627 2407 luisset
649 2352 791 2422 ingratus?
813 2351 928 2408 intrauit
976 2346 1073 2402 Adbuc
1096 2346 1167 2402 sieut
1181 2360 1229 2402 vos
1252 2346 1281 2400 iu
1304 2346 1358 2400 hac
1385 2342 1546 2400 iullrmitate
1570 2345 1662 2402 carnis
1688 2347 1772 2403 αἰιιιι

129 2461 199 2517 ergo
224 2445 327 2501 bomini
348 2445 455 2515 ingrato
480 2445 559 2514 panis
575 2442 602 2499 in
620 2453 759 2512 ventrem,
789 2446 875 2501 bostis
899 2446 927 2501 in
976 2440 1035 2510 lpse
1046 2439 1210 2506 sum,donec
1224 2438 1590 2509 scilicetmnrercturatque
1604 2449 1770 2512 resurgeret,

130 2542 263 2592 mentem.
289 2534 322 2590 Et
345 2534 410 2590 dicit
424 2535 448 2589 ei
466 2533 545 2589 lesus
560 2548 567 2587 :
584 2532 662 2600 Quod
678 2535 745 2605 lueis
768 2536 811 2606 suc
837 2537 925 2591 citius.
977 2531 1041 2601 qula
1064 2529 1425 2601 posteaqurmtesttrrexlt,
1441 2544 1504 2586 curu
1525 2530 1580 2587 illis
1600 2531 1709 2602 quirem
1721 2529 1774 2587 luit

130 2622 192 2681 Non
212 2626 343 2699 precepit
356 2624 477 2692 lucinus,
504 2623 551 2680 scd
574 2625 698 2694 predixit
714 2622 790 2681 ludae
813 2626 925 2691 malum,
977 2622 1084 2689 diebus,
1098 2623 1242 2678 uldietum
1253 2629 1314 2687 est,
1329 2621 1511 2694 quadraginta
1532 2622 1774 2679 exhibitionocor·

130 2715 213 2772 nobis
238 2716 350 2780 bouum,
375 2729 430 2769 non
455 2725 510 2770 tam
536 2714 563 2768 in
586 2715 737 2785 perniciem
752 2714 848 2787 perlldi
877 2731 927 2771 sm
976 2712 1078 2785 patalis
1095 2713 1259 2784 praesentim,
1273 2713 1323 2767 sed
1344 2726 1397 2766 non
1412 2725 1475 2767 cunr
1497 2710 1550 2766 illis
1563 2709 1616 2766 luit
1634 2714 1774 2769 consortio

129 2807 242 2872 rieudo,
267 2818 348 2876 quam
364 2805 398 2861 ad
417 2804 532 2860 salutem
554 2802 674 2860 lidelium
700 2803 862 2872 sentinando,
882 2804 927 2860 ille
977 2802 1292 2860 infirmitatisbumauac.

130 2900 231 2965 agebat
250 2899 387 2971 negotium
412 2912 468 2953 suae
493 2897 664 2964 venditionis,
688 2898 741 2954 iste
766 2906 865 2954 nostrae
884 2912 927 2955 re
1013 2894 1200 2962 Quoenticrne,
1216 2898 1241 2948 el
1264 2894 1333 2948 sieut
1344 2894 1401 2949 dici
1414 2893 1528 2960 induit,
1547 2908 1600 2963 nuo
1619 2908 1666 2966 ego
1688 2895 1773 2962 oudo,

129 2990 305 3062 demptionis.
975 3002 1022 3042 ont
1041 2987 1212 3057 conpetentis
1227 2986 1322 3049 uenire,
1335 2994 1361 3040 et
1384 2985 1455 3041 nabit
1468 2985 1528 3040 dice
1549 2983 1638 3040 modo.
1651 2985 1709 3043 lloc
1720 2996 1773 3055 est,

167 3079 236 3136 lloec
251 3092 338 3136 curent
361 3097 436 3135 nemo
459 3078 534 3135 seivit
558 3078 787 3145 discumbentium,
810 3079 846 3135 ud
859 3079 924 3153 guid
939 3049 961 3111 G
977 3077 1058 3134 medo
1071 3091 1125 3133 uon
1149 3075 1274 3147 potestis.
1291 3075 1338 3131 lsti
1352 3076 1445 3145 itaque
1468 3090 1522 3131 non
1536 3083 1665 3148 poterant
1681 3079 1776 3135 venire

130 3171 230 3227 dixerit
244 3171 278 3237 ei,
292 3171 400 3244 quidam
423 3171 492 3225 enlm
506 3169 649 3241 putebant,
663 3171 734 3242 quod
758 3169 858 3226 loculos
877 3170 925 3226 ltu-
975 3174 1042 3224 tuuc
1053 3182 1108 3238 quo
1129 3166 1175 3222 ille
1188 3166 1256 3233 ibat,
1270 3167 1320 3223 sed
1344 3174 1474 3237 poterunt
1495 3176 1600 3237 postea.
1616 3166 1675 3224 Non
1690 3169 1775 3240 igitur

130 3260 225 3327 idat,
243 3269 296 3318 etc
308 3262 394 3317 Habet
403 3272 469 3334 ergo
478 3267 507 3316 et
522 3259 652 3316 Dominus
665 3259 778 3327 loculos,
789 3269 817 3315 et
831 3274 847 3314 a
860 3259 927 3316 lide·
976 3258 1065 3315 tdbuc
1087 3260 1177 3315 minus
1194 3259 1285 3316 idonei
1309 3266 1388 3314 erant
1406 3259 1482 3329 sequi
1502 3259 1658 3328 bominum,
1673 3277 1774 3333 eosque

131 3354 206 3412 libus
222 3353 310 3411 oblata
321 3368 495 3420 conservans,
506 3362 534 3408 et
547 3368 658 3408 suorum
669 3353 886 3419 necessitatibus,
899 3358 927 3407 et
976 3349 1087 3417 docens,
1105 3350 1241 3421 quomodo
1256 3350 1346 3405 idonei
1366 3363 1428 3406 esse
1450 3357 1562 3419 possent
1576 3365 1705 3425 pergere,
1720 3370 1774 3424 qus

131 3446 195 3503 eliis
209 3445 392 3518 indigentibus
409 3446 557 3501 tribuebat.
579 3444 657 3502 'lunc
680 3446 789 3522 quidem
806 3447 926 3518 primum
977 3439 1406 3506 itleauteceuebatmtaudatum,
1421 3440 1518 3510 inquit,
1536 3457 1631 3496 nouum
1645 3443 1680 3498 do
1692 3445 1772 3512 reiis,

131 3540 331 3597 Ecclesiasticae
344 3541 465 3613 pecuniae
483 3537 571 3596 sonna
593 3549 637 3597 est
662 3541 794 3604 instituta,
811 3541 857 3596 ubi
883 3541 926 3594 in·
975 3531 1132 3602 ssldllt'yallt
1146 3532 1267 3596 l'twt'cem,
1283 3532 1352 3584 ticet
1375 3529 1457 3584 dilexi
1470 3547 1525 3596 boe,
1538 3531 1567 3586 hi
1587 3541 1776 3605 sllnlgl'esslli

132 3631 329 3704 tclligerenrus,
345 3633 573 3703 quodpraecepit,
590 3649 644 3688 nou
670 3631 843 3704 cogitandum
866 3642 927 3686 esse
977 3623 1076 3693 quibus
1088 3624 1243 3693 sequendos
1254 3631 1297 3678 cst
1311 3622 1446 3679 cbristus.
1467 3624 1582 3680 Dilectio
1597 3625 1649 3680 ista
1669 3640 1720 3682 nos
1732 3627 1776 3681 in·

132 3722 168 3779 de
181 3722 313 3787 crastino,
328 3737 382 3777 non
397 3722 432 3776 ad
453 3721 505 3776 boc
523 3721 608 3778 luisse
620 3728 798 3793 preceptum,
816 3727 847 3775 ut
861 3721 927 3777 nibil
976 3724 1069 3781 novat,
1086 3725 1117 3772 ut
1129 3717 1215 3773 simus
1233 3717 1357 3773 borrrlnes
1377 3717 1455 3785 novi,
1471 3719 1593 3775 heredes
1608 3720 1774 3786 testamenti,

131 3816 258 3889 pecunie
284 3817 594 3882 seruareturasanctis,
613 3815 660 3870 sed
683 3815 787 3870 nellen
810 3814 926 3884 proista
976 3808 1041 3863 noli
1054 3815 1208 3865 mutatores
1223 3809 1322 3865 cantici
1337 3810 1409 3865 nori.

131 3910 286 3976 serviatur,
306 3917 334 3964 et
356 3918 467 3980 propter
485 3909 581 3980 inopiae
607 3909 732 3965 timorem
751 3903 858 3976 iustitia
880 3906 927 3961 de·
1014 3899 1225 3957 DiritciSimon
1237 3899 1334 3957 Petrus
1346 3916 1355 3955 ·'
1364 3903 1486 3972 Mller
1500 3904 1645 3976 ‘llll’ffll‘tr
1658 3914 1711 3962 ⁰²⁰·
1729 3905 1776 3963 8⁵0

131 4009 252 4059 seratur.
267 3999 336 4055 llam
359 4015 421 4056 curn
447 3999 597 4070 accepisset
616 3998 660 4055 ille
682 3996 840 4064 buccellam,
862 3997 929 4055 exiit
976 3990 1071 4062 ulline
1090 3993 1142 4048 ²¹⁰0
1162 3994 1231 4049 ‘¹⁵¹1‘
1259 3995 1389 4066 ‘filliis‘ro
1419 3996 1577 4067 discipulum
1607 4006 1635 4054 0¹
1659 3998 1773 4055 D⁰mill⁰

129 4090 284 4157 continuo,
311 4097 372 4147 erut
398 4105 463 4145 nor.
482 4090 550 4145 Cum
574 4104 640 4162 ergo
663 4089 770 4156 exiret,
798 4104 861 4146 mon
889 4091 928 4144 ait
977 4098 1084 4151 seruus,
1101 4094 1229 4156 tungriam
1256 4087 1332 4156 sequi
1357 4083 1479 4158 paratus,
1503 4101 1647 4159 propterea
1673 4091 1774 4162 quippe

133 4178 215 4240 lesus
231 4200 238 4237 ε
977 4174 1117 4242 Dominus,
1130 4179 1175 4250 qui
1194 4178 1252 4250 ejas
1264 4179 1385 4233 animum
1399 4178 1476 4245 vidit,
1491 4194 1577 4249 quare
1591 4180 1643 4237 boc
1657 4181 1775 4238 interro-

171 4269 251 4326 Nunc
265 4271 428 4343 clarificatus
440 4271 562 4329 satFiliua
575 4272 698 4326 hominis.
714 4270 777 4326 Bies
798 4284 863 4341 ergo
875 4270 927 4326 diei
976 4270 1091 4341 gauere,
1104 4270 1145 4325 sic
1156 4270 1181 4324 ei
1194 4269 1334 4340 rospondit
1350 4289 1356 4323 :
1371 4269 1429 4336 Quo
1442 4286 1489 4341 epo
1502 4273 1568 4326 uado
1584 4288 1636 4327 non
1646 4283 1719 4344 gotes
1733 4291 1774 4330 rue

133 4361 432 4427 eructavitverbum,id
443 4369 494 4425 est,
508 4358 632 4416 Christus
642 4359 781 4431 discipulis
792 4359 926 4426 fidelibus,
978 4361 1051 4432 regni
1067 4359 1153 4414 modo.
1177 4359 1248 4427 Quid
1271 4359 1503 4428 iestirrus,Pctrel
1528 4360 1651 4417 Nondum
1681 4371 1708 4421 te
1725 4381 1776 4423 suo

134 4457 165 4503 ut
179 4448 305 4506 audirent
318 4464 381 4506 eum
398 4457 425 4505 et
440 4457 563 4504 amarent
577 4451 723 4520 sequendo.
738 4449 773 4505 Et
787 4464 842 4505 unu
855 4451 928 4505 nocti
982 4451 1079 4522 spiritu
1096 4450 1223 4506 solidavit
1236 4462 1325 4521 petra,
1338 4453 1393 4509 noli
1406 4453 1499 4508 extolli
1509 4455 1774 4524 presumendo,non

135 4539 307 4594 aununtiavit
321 4540 472 4607 scientiam,
488 4540 515 4597 id
536 4549 587 4606 est,
606 4541 689 4597 ludas
703 4541 802 4597 iudeis
815 4541 930 4597 iulideli-
981 4550 1060 4614 pn'tcs
1074 4543 1169 4607 modo,
1187 4543 1241 4597 noli
1265 4541 1344 4611 dejici
1359 4543 1540 4614 desperando,
1554 4546 1677 4616 sequeris
1700 4556 1776 4618 post-

134 4630 197 4695 bns,
214 4635 246 4684 ut
260 4629 387 4685 venirent
405 4629 515 4684 adeum
541 4639 569 4685 et
581 4631 814 4702 apprehenderent
838 4645 931 4687 nerse·
983 4648 1025 4690 ea.
1049 4635 1082 4690 Et
1104 4634 1201 4689 Petrus
1218 4652 1224 4687 :
1241 4634 1329 4700 Quare
1351 4645 1376 4690 te
1393 4652 1564 4706 nerpoicum
1581 4637 1654 4709 sequi
1675 4637 1775 4692 medo?

135 4722 253 4794 tuende
983 4726 1100 4780 animum
1123 4739 1208 4778 meam
1231 4741 1278 4794 pra
1291 4735 1315 4779 tc
1336 4741 1442 4797 ponam.
1456 4726 1490 4780 Et
1502 4726 1632 4783 Dominus
1650 4746 1656 4781 :
1672 4727 1774 4793 Amen,

172 4811 263 4880 Nune,
282 4813 381 4884 inquil,
395 4808 555 4884 clarificatur
569 4810 690 4869 estFilius
706 4813 830 4869 nonduin.
847 4813 932 4870 video
984 4831 1061 4870 einen
1082 4815 1141 4870 dico
1164 4815 1227 4881 tibi,
1254 4831 1306 4870 non
1329 4815 1446 4871 cantabit
1466 4817 1553 4888 gallur
1579 4818 1661 4873 donec
1675 4828 1715 4873 ter
1734 4834 1775 4872 rue

135 4906 181 4965 liic
189 4908 292 4979 aliquid
307 4908 379 4980 quod
389 4906 544 4981 prefiguret
554 4923 693 4980 magnum.
709 4907 782 4963 Exiit
793 4904 888 4972 ludas,
901 4915 929 4962 et
981 4920 1065 4976 neget.
1087 4902 1158 4960 Ecce
1175 4905 1310 4974 quomodo
1328 4906 1378 4962 tibi
1393 4907 1447 4961 cito
1471 4907 1625 4977 apparebis,
1650 4908 1696 4977 qui
1716 4923 1774 4963 ma-

137 4995 927 5070 dariiieatusestiesus:exiittiliusperditionis,etclari-
981 5006 1033 5066 gna
1056 4995 1192 5065 loqueris,
1220 5005 1249 5050 et
1280 5002 1306 5051 te
1331 4997 1474 5067 paruulum
1500 4997 1608 5065 nescis,
1629 4999 1675 5069 qui
1706 5001 1775 5055 milri

137 5087 233 5146 iulus
246 5097 290 5146 est
303 5082 510 5146 lilinslrominis.
524 5089 570 5144 llle
583 5089 681 5159 quippe
695 5088 929 5160 exierat‚propter
980 5088 1116 5158 promittis
1141 5098 1256 5144 mortem
1279 5097 1363 5155 tuam,
1388 5098 1430 5144 ter
1447 5091 1559 5162 negabis
1577 5091 1661 5147 vitam
1686 5098 1772 5147 tuam.

139 5191 217 5250 quem
233 5180 335 5237 dictum
347 5179 388 5237 eis
410 5186 484 5246 eret,
499 5185 527 5236 el
539 5193 589 5236 vos
603 5179 694 5235 mundi
715 5178 794 5245 estis,
814 5179 929 5235 sednon
1017 5177 1080 5234 Non
1095 5176 1215 5233 turbetur
1225 5195 1274 5233 cor
1289 5189 1410 5246 oestrum,
1426 5182 1523 5236 credie
1546 5182 1574 5236 in
1598 5181 1702 5251 Deum,
1718 5191 1774 5239 etc.

139 5284 243 5327 omna.
256 5269 380 5327 Exeunte
396 5271 488 5344 ltaque
503 5271 652 5340 immundo,
666 5285 760 5327 omnes
779 5271 872 5327 muudi
887 5285 929 5326 re
954 5304 957 5311 ,
981 5267 1021 5323 lle
1034 5277 1150 5326 mortem
1162 5277 1291 5341 tauquam
1301 5270 1428 5327 'homines
1446 5272 1585 5340 timerent,
1603 5282 1631 5330 et
1646 5275 1776 5332 ideotur·

141 5367 346 5429 manseruntel
367 5375 492 5418 cumsuo
506 5361 666 5418 mundatore
683 5370 849 5417 manserunt.
865 5359 930 5417 'lale
980 5362 1122 5430 barentur,
1134 5363 1290 5420 consolatur
1307 5378 1365 5431 ens,
1379 5366 1462 5422 etiam
1480 5366 1565 5424 Deum
1580 5383 1610 5424 se
1624 5381 1684 5424 csse
1709 5381 1775 5423 eon·

142 5450 310 5523 aliguiderit,
322 5452 482 5508 cumvictus
498 5466 514 5506 a
526 5448 636 5507 Christo
648 5452 787 5508 transierit
796 5452 842 5508 lric
856 5467 931 5507 mun·
985 5462 1101 5512 testans.
1115 5452 1229 5514 Mortem
1242 5459 1378 5515 maluistis
1389 5460 1453 5516 buic
1464 5459 1557 5516 lonnae
1569 5459 1773 5524 seminantur·

143 5539 331 5609 dcs,etncmo
351 5540 380 5596 in
402 5542 502 5614 populo
525 5536 626 5597 Christi
646 5542 797 5598 remanebit
818 5543 932 5599 immun·
983 5546 1065 5603 betur
1077 5556 1268 5615 cervestrum,
1283 5549 1426 5605 suscitabit
1440 5549 1513 5605 illam
1534 5549 1621 5604 lorma
1635 5548 1694 5605 lici.
1723 5543 1776 5605 Sod

145 5630 198 5711 dut,
224 5631 274 5691 scil
292 5633 363 5690 sicut
379 5635 418 5691 sol
439 5633 579 5707 lulgebunt
602 5636 631 5691 iu
658 5649 740 5709 reguo
759 5637 848 5695 l‘utris
869 5638 930 5694 sui:
985 5639 1105 5710 quidest
1117 5641 1189 5709 quod
1202 5641 1326 5713 sequitur
1342 5639 1396 5697 :ln
1409 5639 1486 5695 domo
1500 5638 1582 5714 patris
1595 5639 1647 5694 inei
1657 5641 1774 5697 neree
