3810 6120
154 254 216 311 ’159
802 253 977 311 ὃΜΜῐΑΟΒΙ
994 252 1138 309 subarts
1741 251 1795 310 ltb

161 371 276 427 rnollbic
296 369 373 427 buron
396 370 568 442 cogitationis
590 380 738 442 exprngata
752 373 815 437 sint,
842 370 955 427 callidos
968 371 994 431 Α
1007 365 1078 420 illins
1092 366 1181 438 popnli
1198 364 1286 436 pejora
1302 364 1448 436 prioribus.
1464 361 1548 421 linito
1562 364 1634 420 enim
1649 375 1721 421 nnnc
1737 383 1796 425 ma-

161 464 304 520 insidiator
320 464 454 534 exploret,
469 464 492 520 si
511 479 581 533 quos
597 464 635 519 ibi
654 465 724 519 lorto
739 478 804 521 suos
825 463 953 534 nequitia
1002 455 1062 526 jore
1082 459 1232 515 dmrnonum
1251 472 1364 513 numero
1377 456 1559 527 possidentur,
1575 455 1797 526 blasphemantes

153 568 271 626 ¹gressus
289 557 371 629 irgere
385 557 485 626 possit,
502 556 548 612 scd
563 556 633 611 hene
647 556 764 613 dicitur:
1005 551 1033 607 in
1046 552 1190 622 synagogis
1205 550 1262 606 suis
1274 549 1411 607 Christum
1425 548 1529 614 lesum,
1542 563 1623 619 qnam
1640 550 1667 605 in
1677 548 1798 625 AEgypto

200 652 327 719 Qarn‘rcns
347 654 472 723 requiem,
494 661 519 708 ct
538 669 590 708 non
610 653 752 709 inveniens.
774 653 841 720 Quia
863 661 953 708 castas
1004 646 1121 713 possessi
1135 643 1242 698 inerant
1258 651 1322 697 ante
1343 640 1409 712 legis
1423 640 1559 697 notitiam.
1580 639 1649 707 Quia
1667 639 1741 697 alind
1756 650 1799 696 est

162 749 269 798 mentes
288 740 428 813 cllugicns,
450 741 477 795 ia
498 741 555 797 solo
569 741 692 797 diabolus
710 742 791 796 corde
808 755 954 811 pravomm
1004 743 1148 789 uenturum
1172 752 1226 789 non
1251 735 1374 799 credere,
1398 733 1470 788 aliud
1492 747 1554 789 eum
1578 748 1632 789 non
1646 734 1801 806 suscepisse

162 829 279 899 gratiam
297 829 348 885 sibi
367 837 458 900 potest
477 830 600 885 invenire
617 830 746 900 quictem.
772 830 848 888 Unde
860 832 894 886 de
909 829 955 883 illo
1004 825 1050 894 qui
1064 826 1177 880 uenerit.
1194 824 1385 895 septenarium
1398 824 1472 880 enim
1484 839 1628 880 nanterum
1642 823 1799 893 adjunctum

163 919 313 976 Dominus:
326 917 494 985 Suiumbrn,
508 919 605 989 inquit,
626 920 723 975 dorrnit
744 921 772 974 io
793 928 890 975 secreto
910 934 956 972 ca·
1005 916 1122 983 diabolo,
1135 918 1177 971 uel
1191 925 1302 988 propter
1320 918 1464 972 sabbatum
1486 915 1617 989 intellige,
1632 918 1676 972 vel
1688 928 1802 990 propter

162 1007 236 1073 lumi,
250 1019 276 1064 et
290 1010 319 1064 ia
333 1009 397 1064 lecit
407 1010 575 1065 morantibus
589 1010 661 1081 (lob.
677 1011 737 1079 xc);
754 1009 902 1072 inumbra,
915 1008 956 1061 ri·
1005 1022 1148 1062 numerum
1163 1007 1280 1077 Spiritus
1303 1009 1400 1072 saneti,
1420 1017 1451 1063 ut
1464 1008 1601 1079 quomodo
1619 1009 1646 1064 in
1669 1011 1738 1066 isaia
1756 1028 1802 1067 su-

155 1093 262 1163 {delicet
274 1100 433 1156 tenebrosas
444 1100 627 1156 conscientias
638 1118 644 1154 ι
656 1101 684 1155 in
698 1101 813 1164 calamo,
828 1099 875 1168 qui
890 1098 955 1152 loris
1005 1112 1055 1168 per
1070 1099 1174 1169 virgam
1189 1099 1222 1153 dc
1236 1100 1329 1154 radice
1343 1097 1430 1164 lesse,
1445 1109 1473 1154 et
1486 1098 1580 1156 llorern
1599 1103 1647 1175 qui
1660 1103 1694 1158 de
1709 1106 1802 1160 radico

154 1188 276 1254 (nitidus,
290 1190 364 1246 intus
378 1201 421 1246 est
434 1207 548 1254 uacuus,
562 1191 764 1249 simulatrices:
786 1191 815 1246 in
827 1191 895 1247 locis
905 1192 955 1246 bu·
1005 1186 1065 1257 ejus
1089 1191 1259 1256 conscendit,
1274 1198 1377 1261 septem
1401 1192 1513 1262 spiritus
1536 1191 1669 1251 virtutum
1692 1195 1804 1251 descen-

153 1280 310 1351 irnentihus,
325 1280 440 1337 lascivas
452 1282 600 1352 mollesque
614 1289 719 1337 orentes
734 1280 884 1337 insinuans.
1005 1277 1079 1334 disse
1100 1287 1258 1346 narrantur,
1275 1279 1311 1334 ita
1331 1287 1359 1336 et
1374 1295 1389 1334 e
1407 1282 1545 1338 contrario
1559 1281 1687 1339 vitiorum
1706 1301 1803 1342 nume·

197 1370 267 1426 Dicit
279 1383 289 1423 .·
299 1370 424 1427 Revertor
442 1372 471 1427 in
486 1372 592 1427 domum
611 1388 696 1426 mcum
715 1372 785 1427 uode
804 1373 882 1427 esini.
907 1371 955 1427 Ti·
1006 1384 1053 1424 rus
1065 1371 1094 1424 in
1108 1369 1215 1425 diabolo
1228 1379 1404 1426 consecratus
1418 1371 1462 1425 sit.

162 1459 276 1515 mendas
296 1468 340 1516 est
364 1461 416 1516 iste
439 1461 605 1526 versiculus,
633 1477 688 1517 nou
712 1462 957 1532 exponendoque
1041 1456 1155 1513 Factam
1169 1460 1702 1527 ennaremcumlraecdiceret,catellam
1714 1480 1801 1520 noceor
1822 1466 1828 1473 '

162 1550 241 1622 culpa
263 1565 347 1621 qnam
367 1552 395 1607 in
417 1552 496 1608 nobis
517 1552 681 1608 exstinctam
704 1552 893 1619 credebamus,
907 1566 957 1622 per
1005 1547 1127 1619 quedem
1141 1547 1237 1604 molier
1252 1548 1285 1603 tle
1298 1548 1375 1603 turbo
1392 1549 1458 1604 atati
1472 1549 1513 1605 itti
1523 1565 1532 1602 .·
1544 1550 1642 1606 Brutus
1659 1564 1747 1608 tenter
1757 1557 1802 1625 qui

164 1641 297 1700 incuriam
312 1656 362 1698 nos
375 1650 504 1699 cracantes
519 1641 664 1713 opprimat.
1007 1649 1032 1694 te
1047 1640 1170 1709 ponant,
1187 1649 1211 1694 et
1228 1640 1308 1695 ubero
1325 1657 1385 1712 qun
1401 1640 1508 1696 sociati.
1532 1641 1636 1715 biegnae
1651 1646 1803 1704 denotionis

196 1730 233 1787 m
248 1749 307 1787 curn
319 1733 427 1799 remit,
439 1732 537 1788 incenit
549 1733 634 1804 scopia
645 1731 809 1787 mutrdotnm.
828 1729 888 1789 Hoc
901 1740 952 1800 est,
968 1716 992 1778 Β
1006 1737 1035 1784 ct
1048 1728 1110 1785 ddci
1124 1730 1182 1785 baec
1196 1730 1293 1786 mulier
1305 1732 1468 1799 ostenditur,
1497 1748 1558 1803 qum
1573 1733 1677 1807 Scribis
1690 1745 1718 1792 et
1732 1738 1803 1793 Pha-

163 1825 251 1896 gratla
270 1824 442 1895 baptismatis
465 1831 675 1898 upeocatorum
698 1824 760 1880 labe
783 1822 953 1893 castigatam,
1005 1819 1093 1876 cissis
1103 1819 1249 1877 bominum
1271 1822 1438 1878 tentantibus
1452 1823 1533 1880 simul
1546 1832 1575 1880 ct
1588 1826 1800 1898 blasphemanti·

161 1914 209 1972 scd
226 1913 299 1970 nulla
319 1890 383 1972 burli
407 1915 500 1986 operis
521 1915 657 1972 industria
676 1914 850 1970 cumulatam.
876 1913 954 1971 Unde
1004 1911 1066 1979 bus,
1086 1920 1162 1968 tanta
1183 1911 1242 1982 ejus
1270 1914 1484 1970 irrcarnatio'nem
1503 1931 1573 1987 praa
1594 1919 1722 1975 omnibus
1744 1921 1800 1975 sio-

160 2002 231 2063 hcne
243 2003 385 2061 liattbaans
397 2005 468 2066 hanc
481 2006 593 2062 domum
607 2013 759 2070 vacantem,
774 2003 863 2074 scopis
875 2018 954 2058 mun·
1004 2003 1119 2060 cecitate
1145 2003 1294 2075 cognoscit,
1318 2012 1393 2058 tanta
1420 2002 1518 2060 inducia
1542 2005 1695 2074 confitetor,
1724 2018 1753 2063 nt
1772 2022 1799 2065 cc

161 2097 253 2153 datam
274 2104 356 2167 atque
375 2106 501 2154 ornatam
525 2096 592 2153 dicit
614 2095 751 2152 inventam
769 2115 775 2149 :
796 2094 954 2152 mundatam
1003 2092 1178 2164 praesentiam
1209 2109 1354 2165 procerum
1385 2093 1559 2163 calumniam,
1596 2105 1624 2153 et
1645 2096 1798 2155 iacturarum

160 2186 286 2243 videlieet
299 2203 316 2243 a
328 2187 404 2242 uitiis
416 2187 540 2257 pristinis
552 2202 602 2256 per
615 2187 790 2256 baptismum,
809 2193 953 2241 vacantem
1003 2173 1152 2239 conlaudat
1169 2185 1359 2240 baereticorum
1383 2184 1536 2257 periidiam.
1558 2187 1625 2242 Nam
1641 2189 1710 2244 sieut
1734 2198 1799 2245 turne

161 2277 266 2334 abonis
279 2277 385 2333 actibus
398 2292 448 2347 per
461 2275 667 2347 negligentiam,
680 2283 804 2331 ornatam
819 2270 954 2328 simulatis
1003 2270 1088 2327 ludaei
1112 2273 1199 2326 sancti
1219 2271 1339 2342 Spiritus
1360 2289 1442 2344 opera
1463 2274 1687 2346 blasphemando,
1703 2295 1797 2335 rernm

161 2367 308 2424 rirmtibus
320 2382 369 2438 per
382 2365 559 2438 hypocrisim.
1003 2363 1314 2434 consubstantialemque
1321 2366 1463 2422 Patrisbei
1471 2366 1567 2424 Filium
1575 2373 1718 2441 negabant,
1727 2373 1800 2428 sicet

196 2456 232 2513 Et
248 2457 393 2514 concredit
411 2466 436 2512 ct
451 2456 563 2512 maacmit
577 2464 675 2526 ament
693 2452 760 2508 elios
778 2451 885 2524 spiritua
905 2467 952 2504 aa·
1004 2454 1124 2511 haretici
1139 2462 1234 2526 postea
1248 2455 1381 2526 negando,
1399 2442 1512 2511 blaciam
1528 2472 1637 2530 semper
1654 2462 1799 2533 uirginem,

160 2553 264 2624 quiores
278 2569 315 2618 rc,
327 2562 351 2608 et
365 2552 477 2623 inpressi
489 2550 609 2608 irubitoat
620 2550 667 2605 ibi.
681 2548 735 2604 Per
749 2554 853 2617 septem
867 2545 953 2603 malos
1003 2544 1090 2601 sancti
1106 2543 1223 2615 Spiritus
1238 2551 1367 2614 operante
1379 2543 1488 2610 virtute,
1502 2546 1642 2604 nascituro
1655 2565 1688 2604 er
1704 2552 1800 2606 burna·

160 2643 273 2714 spiritns
289 2645 414 2699 tranensi
430 2644 496 2699 sitia
523 2642 656 2713 designat.
676 2641 869 2709 Quemcunque
880 2638 953 2695 enim
1003 2636 1047 2694 nis
1064 2635 1196 2693 membris
1215 2636 1353 2708 unigenito
1365 2638 1433 2705 Deo,
1456 2638 1547 2694 carnis
1572 2656 1627 2697 sure
1653 2644 1798 2700 materiam

159 2746 222 2808 post
234 2736 367 2808 baptisma
383 2736 441 2792 sire
454 2735 576 2806 prauitas
591 2733 734 2798 haeretica,
751 2746 798 2787 sen
817 2730 952 2786 mundana
1003 2730 1194 2797 ministrasse,
1216 2745 1334 2795 verum,
1362 2732 1676 2802 consubstantialemque
1699 2737 1798 2792 matris

159 2826 293 2898 cupiditas
311 2828 440 2899 arripuit,
462 2841 524 2883 moa
542 2825 663 2881 omnium
677 2829 834 2894 prosternet
849 2820 877 2875 in
899 2821 953 2876 ima
1003 2816 1092 2880 filium
1105 2820 1234 2888 bominis,
1257 2819 1337 2878 lateri
1362 2836 1417 2877 non
1439 2823 1537 2880 debere
1551 2824 1687 2880 dixerunt.
1709 2825 1761 2889 Sed
1776 2827 1801 2882 si

159 2916 297 2973 vitiorum.
324 2915 402 2973 Unde
422 2924 505 2980 reete,
534 2914 680 2985 nequiores
700 2921 767 2978 tuac
787 2927 819 2967 eo
841 2910 954 2980 spiritus
1004 2927 1069 2969 caro
1084 2913 1158 2968 verbi
1173 2913 1382 2969 lleisecundum
1397 2928 1508 2970 earnem
1530 2917 1668 2972 nascentis
1687 2933 1799 2973 acarne

160 3006 288 3062 dicuntur
306 3007 433 3076 ingrcssi,
452 3006 516 3076 qnia
536 3021 591 3061 non
610 3004 697 3060 solum
715 3002 825 3059 habebit
843 3002 889 3057 illa
911 3017 954 3058 se·
1004 3004 1116 3076 virginis
1140 3004 1236 3059 matris
1255 2998 1448 3074 pronuntiauit
1467 2992 1614 3073 'extranea
1637 3008 1695 3063 siue
1717 3024 1802 3065 cansa

158 3109 233 3168 ptem
246 3098 323 3162 vitia,
345 3112 406 3167 qnae
422 3106 526 3165 septem
550 3095 719 3166 spiritalibus
739 3094 951 3150 sunteantraria
966 3099 988 3161 c
1003 3102 1099 3151 uenter
1123 3096 1170 3166 qni
1191 3110 1251 3150 cam
1272 3103 1420 3166 portasset,
1447 3097 1530 3153 ubera'
1555 3115 1615 3170 qum
1640 3099 1799 3168 lactassent,

159 3188 315 3254 virtutibus,
330 3188 377 3243 scd
395 3195 424 3243 et
436 3203 486 3258 per
508 3186 673 3259 hypocrisim
692 3187 765 3257 ipsas
786 3200 816 3241 se
838 3185 953 3243 virtutes
1004 3186 1204 3245 beatificantur.
1238 3186 1297 3255 Qua
1324 3188 1397 3243 enim
1424 3190 1619 3261 consequentia
1647 3190 1704 3260 ejus
1729 3192 1801 3249 lacte

159 3279 260 3337 babere
275 3277 422 3334 simulabit.
1003 3279 1131 3336 credatur
1149 3280 1280 3346 nntritns,
1301 3279 1379 3350 cnjus
1400 3280 1504 3336 semine
1527 3289 1642 3353 negatur
1656 3298 1716 3338 esse
1731 3301 1799 3340 con-

193 3371 230 3424 Et
245 3379 306 3426 aaut
325 3371 466 3426 occimiano
483 3371 596 3440 irominir
615 3370 688 3427 illiue
703 3373 794 3443 pejore
808 3374 951 3445 prioribus.
1003 3377 1108 3441 ceptus
1134 3386 1196 3428 curm
1218 3385 1251 3427 ex
1276 3371 1356 3427 unius
1375 3370 1552 3440 ejusdemque
1577 3373 1658 3429 iontis
1681 3374 1798 3444 origine,

159 3460 256 3520 Uelius
277 3461 378 3534 qnippe
400 3470 460 3519 erat
483 3462 520 3527 ei,
543 3462 615 3518 tiam
629 3461 752 3517 ueritatis
773 3477 827 3517 non
849 3477 952 3534 cogno-
1002 3462 1150 3519 seeundum
1165 3463 1302 3535 physicos,
1317 3469 1432 3534 uterque
1450 3463 1540 3532 liquor
1558 3479 1685 3520 coronare
1701 3467 1798 3536 probu-

158 3568 246 3620 tuece,
268 3568 350 3623 quam
376 3560 438 3624 post
459 3554 626 3625 agnitionem
649 3561 802 3612 retrorsum
817 3553 950 3611 converti.
1003 3558 1058 3609 tur.
1078 3550 1137 3608 Nisi
1154 3551 1225 3610 loric
1243 3552 1361 3624 putanda
1381 3563 1423 3608 cst
1441 3553 1517 3625 ringo
1539 3556 1716 3610 scmentirarn
1739 3572 1797 3610 snm

158 3645 234 3715 Quod
259 3644 286 3697 io
299 3642 367 3699 luda
383 3644 524 3712 traditore,
539 3644 582 3700 rel
597 3642 709 3700 Simone
726 3643 815 3717 llage,
829 3647 951 3704 esteris·
1005 3645 1093 3705 earnis
1106 3645 1263 3710 mamriam,
1280 3643 1424 3699 nutriendo
1441 3643 1468 3699 in
1488 3659 1571 3700 carne
1588 3645 1637 3700 liei
1651 3645 1720 3701 Filio
1733 3662 1802 3716 sag.

157 3748 212 3806 que
228 3733 328 3789 talibus
346 3734 503 3805 specialiter
525 3734 642 3805 legimus
658 3734 810 3805 impletum.
829 3737 889 3805 Quo
903 3753 950 3793 au·
1001 3750 1097 3809 gerere
1119 3735 1256 3807 potuisse,
1279 3731 1445 3789 incarnando
1469 3741 1574 3801 autem,
1599 3735 1675 3805 qnasi
1700 3736 1798 3806 nrajari

158 3837 212 3882 tern
228 3824 392 3897 generaliter
405 3825 464 3881 haec
477 3825 602 3895 parabola
615 3825 716 3891 tendat,
728 3825 786 3896 ipsc
800 3828 950 3884 secundnm
1000 3835 1029 3881 ct
1050 3825 1181 3881 inusitato
1206 3822 1337 3879 miraculo
1362 3822 1473 3879 minime
1496 3824 1628 3894 putuisse.
1654 3825 1707 3881 Sed
1734 3827 1797 3882 lnric

158 3913 312 3970 llattbnnm
323 3912 449 3971 Salvator
461 3914 597 3986 exposuit,
612 3915 658 3970 ubi
672 3929 704 3972 ca
717 3916 874 3982 terminata,
887 3933 950 3974 naor
999 3915 1120 3986 opinioni
1137 3916 1227 3971 obstat
1238 3913 1397 3984 Apostolus,
1414 3913 1506 3968 dicens
1528 3930 1539 3970 ε
1560 3914 1629 3980 Quin
1644 3919 1715 3971 incinit
1726 3917 1798 3973 Dens

156 4004 257 4073 mouit,
274 4005 368 4063 dicens
382 4004 446 4061 :Sic
463 4005 512 4060 crit
524 4013 549 4059 et
563 4004 728 4077 generationi
741 4005 802 4060 iruic
817 4007 949 4078 pessimae,
1000 4003 1101 4058 Filium
1122 4019 1214 4068 succro,
1236 4002 1335 4073 [rictum
1359 4019 1391 4057 ce
1408 4000 1527 4069 muliere,
1549 4003 1648 4073 [octeno
1672 4007 1720 4059 sari
1743 4007 1798 4078 lege

156 4095 186 4153 id
200 4104 252 4164 est,
270 4096 343 4170 qnod
362 4096 395 4153 de
415 4110 469 4151 uno
488 4094 608 4167 quolibet
626 4093 781 4166 specialiter
801 4095 858 4165 geri
880 4096 950 4152 solet
1000 4093 1102 4168 (Galat.
1114 4093 1163 4164 nr).
1176 4092 1268 4164 Neque
1282 4093 1354 4148 enirn
1367 4091 1493 4147 audiendi
1507 4103 1581 4160 strat,
1593 4096 1638 4165 qni
1654 4095 1796 4168 legendnm

155 4190 292 4257 enarrari,
307 4191 359 4247 hoe
381 4189 479 4246 inlota
492 4187 657 4260 generaliter
668 4184 749 4258 hujus
760 4186 852 4260 populi
867 4195 949 4260 gente
999 4183 1227 4259 putant:Natunr
1248 4199 1281 4240 ea
1306 4185 1432 4250 muliere,
1458 4186 1561 4243 lactum
1585 4186 1635 4241 snb
1658 4186 1728 4258 lego,
1750 4191 1796 4243 scd

155 4282 212 4353 geri
228 4299 283 4338 nou
297 4283 406 4339 desinit.
570 4326 572 4330 ,
644 4330 650 4345 ,
1000 4279 1099 4351 suctum
1110 4293 1142 4334 ex
1155 4276 1274 4343 narciiere,
1290 4277 1354 4347 qnia
1367 4287 1513 4351 conceptus
1526 4278 1552 4333 in
1568 4284 1644 4331 utero
1658 4277 1796 4348 virginali,
1868 4348 1869 4351 Ἴ

190 4370 825 4443 immundosquippespirituscxiritaludaais
840 4371 948 4442 quando
1002 4386 1112 4427 carnem
1136 4387 1190 4427 noo
1214 4372 1247 4425 de
1269 4371 1366 4437 nihilo,
1387 4387 1441 4428 non
1466 4370 1583 4435 aliunde,
1604 4371 1651 4427 scd
1670 4379 1795 4426 materna

155 4474 320 4535 acceperunt
343 4464 450 4534 legem,
474 4471 503 4518 ct
525 4464 674 4533 ambularit
697 4479 746 4534 per
773 4464 832 4520 loca
858 4464 945 4530 arida,
960 4452 987 4512 D
1001 4463 1085 4518 traxit
1103 4479 1137 4520 ex
1158 4478 1250 4518 carne.
1266 4461 1407 4533 Alioquin,
1430 4480 1481 4521 nce
1497 4480 1561 4521 rere
1581 4464 1654 4519 illins
1677 4464 1797 4521 hominis

154 4568 279 4625 quaerens
297 4553 348 4609 sibi
368 4553 500 4623 requiem.
519 4551 653 4622 Expulsus
665 4552 791 4608 videlieet
806 4566 822 4607 a
835 4550 946 4619 Judoeis,
999 4553 1145 4621 diceretur,
1169 4554 1215 4625 qni
1239 4555 1374 4626 originem
1399 4572 1452 4610 non
1477 4557 1589 4612 haberet
1608 4570 1642 4610 ex
1672 4556 1795 4614 hunnine.

155 4643 304 4702 ambularit
317 4659 365 4716 per
378 4645 500 4716 gentium
515 4644 690 4712 solitudinem
704 4661 764 4715 quac
777 4660 839 4702 cum
852 4655 946 4717 postca
998 4646 1033 4702 Et
1047 4660 1096 4702 nos
1111 4646 1192 4718 igitar
1205 4647 1247 4702 bis
1262 4655 1356 4701 contra
1372 4647 1504 4703 Euthicen
1521 4647 1610 4710 dictis,
1632 4647 1796 4704 extollamus

156 4733 270 4790 bomine
284 4733 472 4800 credidissent,
490 4733 534 4790 ille
548 4748 601 4790 noo
616 4734 725 4790 inuento
743 4734 802 4791 ioco
816 4735 844 4791 in
858 4737 946 4793 natio·
998 4753 1092 4795 rocem
1121 4754 1183 4793 cnm
1199 4738 1320 4793 Ecclesia
1344 4737 1487 4801 catholiea,
1511 4737 1590 4806 crrjns
1613 4723 1796 4796 bacc'nrulier

153 4825 246 4892 tribue,
257 4827 337 4893 dixit,
349 4836 464 4882 retertur
474 4827 502 4882 in
512 4827 619 4881 domurn
630 4844 715 4882 ormam
727 4829 865 4899 pristiacum
877 4829 946 4885 unde
997 4839 1090 4902 ippum
1104 4831 1198 4903 gessit.
1213 4829 1380 4885 Extollamns
1397 4837 1424 4885 et
1445 4838 1564 4884 mentem
1580 4829 1612 4884 de
1626 4830 1718 4885 medie
1734 4839 1793 4886 tnr-

152 4916 232 4975 esini.
257 4916 349 4975 liabeo
363 4916 481 4983 tudens,
503 4934 571 4989 qttus
585 4928 648 4974 oute
662 4919 829 4977 dimiseram.
852 4921 887 4977 Et
901 4937 946 4978 ue·
997 4923 1107 4989 barum,
1121 4922 1299 4993 dicamusque
1322 4922 1457 4977 Salvatori
1470 4939 1477 4977 :
1490 4921 1588 4976 dicotur
1608 4933 1698 4976 oerrtcr
1710 4927 1754 4993 quai
1769 4934 1794 4978 tc

153 5010 232 5068 uicus
251 5009 356 5066 incenit
369 5017 512 5066 vacantem
531 5011 620 5082 scopis
644 5012 810 5068 mundatam.
827 5013 948 5071 Vacabat
997 5015 1121 5088 porterit,
1135 5025 1159 5069 ct
1172 5015 1252 5070 rubera
1272 5033 1331 5088 quic
1350 5015 1454 5070 auxisti.
1478 5015 1548 5070 Vere
1562 5016 1635 5070 enim
1647 5013 1726 5072 beata
1740 5032 1790 5086 pa-

152 5102 225 5159 cnim
252 5102 381 5174 templum
405 5100 579 5169 talearum,
602 5113 631 5160 et
651 5103 789 5161 Christum
812 5106 946 5177 hospitem
998 5125 1071 5175 rens,
1086 5125 1155 5180 qnae,
1172 5110 1244 5165 sicut
1260 5111 1369 5179 quidam
1385 5109 1424 5163 ait
1442 5108 1604 5184 (Sedulius),

152 5209 208 5256 rou
221 5193 340 5250 babebat
352 5193 486 5251 dicentem
502 5212 509 5250 :
528 5194 685 5268 Dimittetnr
697 5197 774 5253 vobis
788 5197 884 5253 domus
898 5214 945 5253 re·
1309 5239 1388 5291 Eum
1400 5253 1414 5288 P
1416 5247 1439 5289 st
1451 5253 1482 5302 prr
1486 5252 1574 5301 “pm
1586 5254 1633 5300 Μ
1636 5253 1685 5292 em·

153 5295 209 5345 stra
223 5287 329 5344 deserta
343 5285 453 5359 (ilnttb.
468 5287 626 5361 rxrttmuia
639 5289 722 5360 igitur
737 5291 784 5346 ilei
799 5298 826 5345 et
838 5291 947 5363 angelo·
1060 5301 1157 5352 Numen
1168 5307 1194 5352 ct
1203 5308 1297 5352 aterno
1308 5301 1476 5365 carrqleetens
1487 5303 1567 5351 omitia
1578 5317 1649 5366 gyro.

153 5394 213 5437 rum
231 5377 360 5450 praesidia
378 5378 590 5443 contrahebant,
605 5389 633 5435 ct
649 5381 738 5436 ornati
758 5391 836 5439 crant
853 5398 948 5454 supcr-
1060 5364 1712 5487 ὃξξᾞζιξπῧῑῖξζξᾙξεὲιξῖζξι“ὃζῇ“ζξὲζίἷιι’ζῧῗιῐιξ

152 5467 214 5526 ouis
236 5469 473 5528 obsecrationibus
499 5469 711 5539 Pharisaeorum,
739 5476 885 5530 reuertitur
913 5476 946 5531 ad
1061 5488 1193 5549 loripennm
1205 5489 1261 5536 stne
1273 5488 1425 5550 tinennnet,
1440 5501 1496 5550 qnae
1509 5496 1596 5536 carine
1608 5487 1691 5546 haam,

152 5575 200 5616 ως
219 5562 353 5631 diabolus,
374 5570 403 5620 οι
421 5561 576 5634 septenario
595 5563 647 5620 sigi
667 5581 781 5623 „umero
795 5568 946 5624 daemonum
1060 5548 1112 5600 licc
1124 5551 1223 5612 garimano
1235 5549 1340 5600 similem
1353 5552 1404 5600 risa
1414 5557 1461 5607 est.
1471 5562 1517 5598 nec
1531 5549 1624 5604 babere
1634 5556 1793 5612 sequentem.

153 5650 255 5718 addita,
270 5653 371 5728 inabitat
384 5654 527 5728 pristinam
541 5652 663 5726 domnio,
677 5665 707 5713 et
717 5656 784 5714 bum
795 5658 946 5729 posteriora
1034 5665 1067 5716 bt
1088 5659 1132 5716 ille
1149 5660 1216 5717 dixit
1229 5675 1239 5715 :
1251 5660 1393 5732 eriniuro,
1409 5660 1478 5718 beidi
1490 5660 1535 5732 qui
1555 5663 1671 5715 ordinat
1692 5659 1791 5715 acriora
