3810 6120
136 294 191 357 825
648 285 824 343 contusus.
844 286 878 342 nt
898 286 977 344 RES.
996 288 1026 343 S.
1048 287 1241 347 sbbnbtctt.
1711 291 1766 351 ssd

138 407 286 482 bqnaeitas
300 418 364 460 vero
377 402 459 459 etlam
477 400 594 456 nutritm
610 399 751 472 dispergit.
765 401 834 455 ilinc
846 399 926 455 Salo·
938 402 965 461 A
977 408 1024 455 aut
1041 401 1153 457 stultum
1165 411 1213 457 aut
1227 403 1323 466 lesem,
1338 410 1384 457 aut
1401 411 1477 459 certe
1488 419 1587 459 vanum
1600 406 1782 462 mamaclma.
1874 443 1880 453 .

137 518 201 560 mon
214 500 272 555 ait:
291 495 365 552 Sicut
377 495 439 549 nris
452 503 554 565 pareas,
569 501 593 546 el
613 491 709 562 ditate
722 506 856 544 murtrum
870 504 927 543 om·
978 511 1039 552 esse
1056 496 1225 550 denuntiant.
1247 494 1391 551 llamiliter
1408 497 1527 564 enimet
1548 513 1608 552 cum
1637 498 1769 568 grauitate

138 593 203 656 bita,
216 590 255 643 ita
266 588 306 642 nir
318 585 363 656 qui
375 601 426 639 oon
439 593 521 656 potest
534 585 562 637 iro
579 583 707 655 loquendo
720 581 837 636 cobibcrc
849 580 928 652 spiri·
978 586 1058 640 debet
1078 586 1226 640 nronacbns
1244 585 1327 656 loqui,
1348 587 1411 656 quia
1424 587 1554 656 scriptum
1569 596 1612 642 est
1626 605 1632 641 :
1651 586 1715 641 Noti
1729 588 1771 642 ci·

138 694 193 739 turn
205 696 281 736 sunm
289 676 380 752 (Pron.
392 692 446 732 xxr
463 676 483 744 ).
492 676 595 732 Ciritss
604 676 675 731 enim
686 681 780 745 patens
789 683 816 728 ct
826 673 928 742 alume
978 681 1048 726 tatas
1059 690 1113 729 csse
1127 675 1154 728 in
1168 674 1258 745 linqua
1273 673 1368 746 (Eucti.
1381 674 1429 746 rr).
1441 676 1475 729 Et
1489 694 1495 729 :
1511 675 1562 741 Qui
1581 677 1635 731 odit
1651 677 1769 748 loquaci·

138 774 264 830 clausura
276 784 329 824 non
345 777 435 823 servat
447 768 560 822 interius
572 767 643 837 quod
655 765 861 828 tenetillrnsum,
874 763 926 819 nisi
978 773 1068 831 tatem,
1095 765 1236 834 castinpait
1260 764 1388 819 orclatum
1412 765 1507 837 (Eccli.
1531 767 1598 840 xta).
1626 767 1658 820 Et
1681 781 1766 836 pauca

139 872 261 931 ternpore
278 873 397 930 omnmo
410 865 457 912 aut
477 857 546 912 seris
559 856 700 912 claudatur
720 862 767 909 aut
782 870 875 922 moro;
889 854 928 909 lta
977 854 1061 907 rerba
1087 861 1114 907 et
1136 853 1305 909 rationabilia
1329 855 1462 924 loquatur.
1491 855 1552 911 ldco
1579 872 1675 926 pauca,
1704 855 1768 928 quia

138 963 167 1007 et
181 948 330 1005 monachus
345 948 396 1002 nisi
411 947 529 1017 linguam
542 945 683 1016 probibeat
701 946 736 999 ad
754 943 926 1014 loquendum,
979 946 1108 1014 scriptum
1122 954 1165 999 est
1177 962 1184 999 t
1197 944 1226 1000 ln
1240 945 1408 1015 multiloquio
1424 963 1478 1002 non
1491 947 1603 1019 cllrrgies
1615 955 1768 1018 pecesttnn,

138 1044 254 1098 virtutes
278 1056 346 1112 quas
361 1049 434 1095 tcnet
451 1039 565 1094 interius
580 1053 629 1109 per
648 1038 819 1108 loquacitatis
839 1035 928 1108 perdit
979 1045 1006 1091 et
1017 1038 1061 1107 qui
1072 1037 1163 1092 multis
1173 1039 1258 1092 utitur
1269 1039 1449 1095 verbislaedct
1460 1041 1576 1094 animam
1589 1054 1664 1093 suam
1676 1037 1768 1110 (Pron.

139 1134 246 1196 uitium,
262 1132 314 1186 nisi
336 1131 377 1186 ori
400 1144 449 1185 suo
467 1128 617 1185 custodiam
639 1128 761 1199 posuerit
774 1136 803 1183 et
815 1127 928 1184 ostium.
978 1128 1018 1202 x).
1036 1128 1099 1184 ldeo
1112 1129 1294 1196 rationabilia,
1309 1132 1371 1201 quia
1388 1132 1594 1202 scriptumest:
1612 1130 1664 1197 ont
1680 1129 1772 1187 made·

141 1224 271 1294 Sequitur
283 1240 290 1276 :
979 1228 1055 1274 ratur
1063 1218 1133 1275 labia
1144 1237 1193 1276 stra
1203 1220 1422 1292 prudentissimas
1432 1230 1469 1275 est
1481 1220 1574 1294 (lita.)
1598 1220 1661 1276 tdco
1672 1233 1768 1290 panes,

176 1314 210 1368 Et
232 1316 294 1385 quia
318 1314 358 1368 air
374 1314 509 1384 linpaorra
524 1328 576 1368 non
590 1313 719 1384 diripetar
738 1321 929 1384 superterram
978 1308 1042 1379 quia
1054 1309 1184 1380 scripturn
1197 1317 1258 1366 est:
1276 1308 1378 1365 Stultus
1392 1310 1469 1365 oeric
1482 1308 1648 1380 multiplicat.
1670 1308 1704 1362 Et
1725 1305 1771 1362 ult

141 1403 228 1475 (Psoi.
246 1403 370 1474 cxxxix).
385 1403 512 1471 Qrtamris
526 1403 641 1475 linguosi
655 1410 766 1475 possunt
782 1402 836 1458 dici
849 1400 928 1457 etilli
978 1409 1039 1453 sant
1049 1399 1125 1454 neria
1140 1399 1267 1472 plurima,
1282 1401 1319 1454 ibi
1340 1400 1487 1471 trementer
1507 1409 1607 1470 epcstas
1621 1401 1680 1468 (Pr.
1698 1397 1767 1470 uiri·

140 1497 185 1567 qui
212 1496 309 1567 linguan
331 1495 454 1550 ubertate
471 1495 578 1551 lauandi
597 1504 669 1562 sunt,
691 1505 780 1551 tamen
802 1495 856 1550 illis
878 1497 929 1551 ltcc
979 1489 1041 1545 ldeo
1054 1489 1234 1555 rationabilia,
1253 1492 1316 1560 quia
1332 1491 1462 1559 scriptum
1482 1496 1544 1545 est:
1566 1488 1650 1542 llomo
1665 1488 1771 1557 sopiens

140 1585 295 1656 specialiter
307 1600 405 1640 nomen
426 1594 532 1641 constat
549 1587 703 1656 impositum
718 1586 763 1656 qul
778 1582 930 1640 inconside-
979 1579 1074 1634 tacebit
1091 1596 1172 1651 nsque
1184 1581 1219 1634 ad
1232 1579 1468 1650 comprandendum
1481 1589 1568 1633 antem
1581 1588 1604 1632 et
1619 1577 1770 1649 impruden

142 1686 199 1731 rata
213 1676 348 1731 locutione
366 1677 471 1732 verbosi
485 1686 557 1731 stant.
574 1676 619 1731 Sic
633 1675 704 1731 enim
718 1675 869 1730 contrarios
885 1689 930 1730 sa·
980 1685 1032 1724 non
1046 1670 1186 1725 armabunt
1207 1680 1319 1741 tempus.
1336 1667 1371 1724 lit
1392 1681 1429 1725 est
1445 1669 1550 1725 adibilis
1564 1670 1608 1740 qni
1622 1682 1721 1741 procas
1732 1675 1771 1722 est

140 1767 275 1837 pientinus
294 1775 321 1822 et
334 1767 439 1823 direrso
461 1782 585 1822 sermone
604 1774 752 1821 tractantes
773 1772 865 1821 monet
885 1763 929 1819 la·
941 1746 965 1807 Β
978 1757 1182 1831 adloquendum
1197 1757 1291 1832 (Ereti.
1309 1759 1366 1830 xx).
1379 1759 1430 1814 Et:
1448 1757 1500 1824 Qui
1510 1757 1721 1812 inconsideratus
1732 1764 1773 1812 est

142 1857 225 1912 cobus
239 1856 377 1926 apostolus
392 1856 484 1911 dicens
497 1873 504 1911 ε
519 1855 559 1911 Sit
570 1864 655 1910 ratem
665 1855 839 1909 omnishomo
854 1852 931 1908 oum
978 1847 1194 1920 adloquendum,
1209 1849 1300 1904 sentiet
1311 1848 1383 1903 nrala
1397 1846 1488 1919 (Pron.
1502 1847 1560 1916 sarr)
1758 1852 1763 1859 '

140 1948 176 2002 ad
189 1947 359 2012 audiendam,
371 1947 462 2000 tardas
473 1956 559 2000 autem
570 1943 772 2016 adloquendum
784 1940 927 2014 (Jacobs).
1014 1939 1049 1995 Et
1068 1958 1120 1995 non
1133 1941 1165 1996 sit
1176 1939 1306 1996 clamosas
1319 1942 1348 1995 in
1361 1958 1430 1995 racc.
1450 1939 1550 1996 Christi
1565 1941 1635 1994 enim
1650 1939 1771 1994 itaritator

141 2037 304 2092 Trrlesenim
317 2045 511 2106 superterram
534 2036 646 2090 minime
667 2034 834 2105 diriguntur,
862 2031 927 2103 qaia
979 2031 1126 2086 aranachus
1141 2031 1239 2086 tacitus
1252 2030 1332 2086 debet
1343 2043 1415 2095 esse,
1429 2045 1482 2085 non
1498 2030 1642 2085 clamosus.
1656 2028 1694 2084 lle
1715 2028 1769 2086 lla-

140 2126 306 2181 ltcribilitatc
329 2141 377 2181 sua
405 2124 559 2194 frequenter
583 2123 726 2180 excedunt.
752 2119 864 2176 btdcito
886 2128 931 2176 est
978 2119 1052 2174 minc
1064 2121 1136 2175 enim
1150 2121 1280 2190 scriptum
1300 2129 1365 2176 est:
1389 2117 1449 2175 Non
1463 2120 1596 2187 clamabit,
1612 2137 1659 2177 nec
1678 2120 1771 2176 audie·

140 2216 212 2271 enim
229 2215 431 2271 indeliberatum
447 2224 549 2270 rectum
568 2228 629 2271 csse
642 2227 806 2269 sermonem.
978 2209 1157 2280 tartesiacas
1176 2210 1233 2280 ejas
1257 2209 1325 2283 (loa.
1351 2209 1429 2282 surr).
1456 2209 1520 2267 Plus
1540 2212 1612 2267 enim
1631 2210 1768 2266 silentium

349 2317 385 2366 ορ
397 2317 491 2366 deutoro
501 2315 644 2366 barntbutts
654 2317 740 2379 maa,
978 2314 1059 2369 quam
1076 2300 1177 2356 clamor
1200 2301 1327 2358 convenit
1349 2304 1489 2358 monacbo.
1508 2302 1682 2360 llonestatem
1705 2318 1770 2376 erqo

178 2399 299 2454 decimus
312 2396 468 2453 transilitatis
480 2398 579 2469 prodas
593 2407 642 2464 cst,
655 2397 784 2452 sinonsit
799 2397 928 2469 [adtbac
978 2407 1030 2448 tot
1054 2381 1249 2458 submissajot
1272 2395 1407 2451 levitatem
1429 2397 1547 2453 ostendit
1565 2412 1617 2452 vox
1638 2396 1776 2454 clamosa.'

140 2500 273 2560 promotas
285 2491 312 2543 in
325 2491 390 2554 risa,
403 2490 464 2560 qaia
487 2493 612 2559 scriptam
631 2498 669 2543 cst
681 2503 690 2541 .·
703 2488 805 2544 Stultos
825 2490 852 2543 in
873 2490 928 2544 risu
981 2483 1059 2556 Saepe
1079 2487 1150 2541 enim
1166 2503 1218 2543 vox
1239 2486 1356 2544 clamosa
1381 2489 1517 2545 bominem
1541 2489 1667 2546 odibilem
1693 2489 1768 2558 lacit,

140 2589 338 2634 nortatnoccm
354 2597 427 2633 suam
442 2579 537 2654 (Eruli.
558 2581 626 2652 sut).
642 2581 751 2637 laevitas
766 2583 849 2637 animi
865 2582 929 2638 lucit
978 2575 1113 2631 submissa
1135 2586 1226 2632 dultin
1251 2578 1395 2634 amabilem
1421 2579 1518 2635 reddit.
1540 2579 1615 2636 Unde
1638 2581 1769 2651 smtpmm

141 2669 302 2724 morrachurn
327 2669 433 2723 facilem
458 2687 489 2725 oc
508 2681 660 2741 pronaptum
683 2686 743 2727 esse
767 2686 874 2742 semper
899 2673 927 2728 in
977 2674 1038 2719 est:
1056 2664 1167 2736 Sapiens
1179 2668 1207 2720 in
1222 2668 1303 2722 aeriis
1315 2670 1426 2739 seipsam
1444 2667 1582 2723 amabilem
1594 2669 1657 2739 facit
1670 2668 1767 2740 (Ecclt.

141 2759 207 2812 risu.
231 2757 289 2813 Non
310 2760 381 2813 oraim
405 2761 527 2815 timorem
550 2760 655 2815 Domini
678 2770 766 2831 gestat
785 2763 812 2816 in
832 2763 926 2828 corde,
978 2757 1035 2828 xx).
1050 2756 1111 2812 ldco
1126 2758 1279 2823 amabilem,
1305 2759 1366 2828 quia
1384 2761 1531 2830 prudenter
1553 2760 1721 2815 rationabilia
1741 2766 1771 2817 et

36 2911 42 2920 ⁴
142 2848 202 2903 ideo
224 2849 251 2903 in
266 2849 399 2904 cachinno
416 2850 474 2904 vult
492 2860 519 2905 ot
533 2851 587 2906 alta
615 2865 720 2921 semper
742 2853 829 2907 ridere
849 2866 925 2908 voce.
978 2849 1102 2905 amabilia
1123 2849 1243 2921 loquitar
1267 2853 1359 2907 rurba.
1385 2851 1453 2908 llinc
1474 2852 1590 2908 liasilins
1611 2853 1671 2907 ait:
1689 2853 1771 2910 Vocis

141 2938 200 2993 Non
212 2939 284 2994 enim
298 2941 414 2995 attendit
435 2942 500 3010 quid
514 2957 564 2997 nos
582 2940 699 2998 Jacobus
719 2944 857 3014 spostolus
876 2944 926 2999 ad·
978 2957 1133 2997 ntettsttrutu
1148 2942 1269 2997 delinivit
1283 2945 1407 2999 audiendi
1423 2945 1528 2999 modus.
1552 2943 1667 3000 Sicorim
1684 2944 1771 3018 ntaJor

142 3037 233 3082 monet
246 3029 358 3084 dicens:
373 3029 465 3084 lliseri
482 3039 571 3094 estote,
596 3031 691 3103 tapete,
711 3032 820 3102 plorate.
845 3033 926 3088 llisnt
978 3031 1059 3087 luerit
1073 3048 1123 3088 vox
1137 3048 1217 3105 quaro
1231 3033 1354 3104 requirit,
1369 3050 1430 3090 cum
1445 3034 1531 3104 possit
1553 3033 1647 3090 audire
1661 3033 1707 3088 ille
1722 3048 1767 3090 cut

141 3128 224 3175 cester
241 3132 403 3175 concertetur
423 3122 576 3186 inlectam,
598 3123 723 3194 prandiam
743 3125 771 3178 in
790 3139 926 3178 merorem
979 3122 1105 3192 loquitur,
1121 3123 1214 3188 etiam,
1228 3122 1250 3177 si
1267 3123 1393 3194 legimus,
1411 3124 1562 3194 loquamur,
1573 3122 1629 3192 jam
1651 3123 1769 3180 orruerit

142 3208 246 3278 (Jacob.
267 3206 315 3279 tv).
332 3207 400 3263 llinc
416 3207 542 3264 Salomon
558 3209 597 3263 ait
610 3224 617 3263 :
632 3207 710 3263 llisra
724 3207 814 3264 dolore
836 3210 930 3264 misca-
978 3228 1042 3279 uox,
1052 3213 1099 3268 sed
1109 3213 1221 3268 clamor.
1236 3213 1312 3280 Qtrod
1323 3211 1504 3280 estnota'lrile,
1514 3215 1565 3269 nisi
1581 3214 1649 3269 lortc
1662 3214 1770 3286 grauior

142 3297 262 3374 bitsrpct
276 3308 391 3352 extrema
407 3300 497 3369 prandii
511 3297 595 3353 luctas
609 3309 718 3370 occupat
733 3297 824 3372 (Pras.
858 3297 926 3366 arri.
979 3301 1015 3356 sit
1027 3302 1134 3357 auditus
1147 3299 1206 3370 citis
1227 3302 1268 3357 cai
1284 3301 1414 3373 loquitur,
1429 3310 1456 3358 et
1469 3303 1616 3359 necessitas
1640 3310 1718 3372 ungat
1735 3300 1771 3357 ad

142 3387 212 3442 llinc
225 3389 322 3443 iterum
333 3389 390 3458 ipse
403 3406 410 3443 :
427 3388 520 3442 Risum
530 3389 647 3457 reputari
659 3404 782 3452 errorent,
795 3396 819 3441 et
831 3387 929 3458 pandis
979 3393 1160 3447 clamandum.
1173 3392 1240 3447 liinc
1250 3392 1416 3448 Fructuosus
1429 3392 1482 3447 ait:
1494 3392 1645 3447 Clamosum
1658 3393 1683 3447 in
1695 3393 1771 3448 locu·

141 3478 197 3533 dr'ai
210 3492 219 3530 :
234 3477 304 3544 Quid
323 3479 423 3549 {rastra
443 3479 569 3549 deciperis
584 3477 683 3552 (Eccle.
698 3479 747 3548 u)t
766 3477 848 3548 llagis
864 3492 930 3549 erqo
980 3481 1052 3537 tione
1077 3481 1237 3538 manaebum
1263 3489 1309 3535 aut
1326 3479 1500 3536 ridiculosum
1522 3494 1582 3536 esse
1600 3495 1654 3536 non
1679 3481 1766 3536 decet.

142 3571 267 3623 convenit
291 3570 424 3625 monacho
446 3569 533 3625 luctus
554 3585 634 3638 quam
648 3570 728 3633 risus,
746 3569 809 3638 qaia
823 3583 872 3639 per
889 3566 930 3621 lu-
979 3574 1030 3643 Qui
1044 3584 1134 3630 autern
1148 3571 1280 3643 ejusmodi
1294 3581 1346 3639 est,
1361 3581 1388 3628 ct
1400 3586 1471 3643 saepc
1484 3572 1630 3642 castigatus
1645 3586 1698 3627 nou
1712 3569 1771 3627 lue·

142 3667 216 3714 emm
231 3660 339 3715 venitur
351 3661 384 3714 ad
398 3661 534 3732 gaudium,
549 3662 619 3716 sicut
632 3661 762 3730 seriptum
775 3669 818 3715 est
832 3677 839 3713 τ
854 3658 929 3715 bera
980 3667 1016 3721 rit
1026 3667 1196 3732 emendatus,
1208 3663 1321 3736 flagellis
1330 3663 1466 3718 curandos
1479 3670 1520 3718 cst
1531 3670 1557 3718 at
1567 3662 1668 3717 acriter
1680 3672 1771 3716 emen

142 3750 187 3819 qni
197 3749 294 3820 lnpcnt,
306 3750 427 3822 quoniam
439 3752 488 3820 ipsi
499 3749 702 3805 consolabantur
713 3749 819 3822 (llattlr.
828 3749 866 3824 v).
879 3751 931 3807 Per
981 3757 1094 3813 dandus.
1108 3755 1236 3826 Sequitur
1248 3773 1254 3811 :

142 3840 227 3893 fisum
248 3854 311 3895 '²²0
336 3840 444 3894 lenitur
465 3839 845 3910 ²dfleltl¹¹l2⁸lsst¹180flll²l¹ffl
865 3848 928 3895 ⁶⁹22
1016 3847 1089 3904 Sicut
1101 3850 1226 3919 scriptam
1241 3857 1300 3902 est:
1315 3846 1425 3917 Sapiens
1439 3844 1520 3901 aeriis
1530 3846 1666 3921 innotescit
1678 3833 1770 3916 paneis

149 3927 335 4000 Voeooiisqrtt'
353 3930 443 3984 ridetis
457 3947 536 3995 nnnc,
555 3932 617 4001 quio
636 3931 731 4001 {temris
751 3940 775 3986 et
794 3931 932 4001 plorabitis
981 3940 1075 4013 (Ereti.
1099 3936 1157 4010 ru).
1185 3937 1339 4003 innotescit,
1357 3936 1432 4000 dicit,
1462 3937 1489 3990 id
1513 3944 1564 4000 cst,
1589 3934 1677 4003 qualis
1699 3934 1771 4005 apud

143 4019 220 4092 (ltc-
236 4020 293 4092 lli!
310 4021 407 4075 Ridete
418 4021 491 4075 essim
506 4021 618 4085 homini,
634 4030 662 4075 ¹¹1
679 4020 734 4089 iim
753 4022 879 4091 διψθῐὶῑῑὸ
890 4020 932 4075 ⁶¹¹·
980 4031 1154 4100 semetipsum
1173 4030 1209 4085 sit
1228 4027 1349 4089 interius,
1367 4028 1472 4082 canteris
1490 4040 1520 4082 sc
1535 4026 1677 4081 innotescit
1693 4032 1769 4080 erte·

143 4116 215 4166 udan
231 4118 281 4175 esa,
295 4111 593 4180 malmsburiensem,
608 4111 720 4182 quirilli
733 4112 782 4167 soti
797 4112 932 4167 tractores
980 4120 1046 4175 rurs.
1065 4118 1202 4190 snpientia
1218 4133 1297 4187 quiam
1313 4124 1417 4172 secreto
1438 4114 1546 4170 tenenat
1561 4115 1587 4168 tn
1604 4116 1694 4177 corae,
1709 4113 1771 4169 atita

143 4216 237 4256 omnes
253 4208 392 4256 creaturas
410 4216 570 4258 concessum
583 4204 743 4257 naturaliter
755 4218 815 4258 esse
829 4217 930 4272 coquo-
980 4208 1099 4264 ostendit
1112 4207 1274 4278 proterendo
1285 4220 1420 4261 sermone.
1436 4205 1470 4259 Et
1481 4204 1526 4274 qui
1541 4204 1648 4260 sibimet
1665 4211 1769 4258 tantum

143 4292 237 4346 scitm.
260 4290 313 4346 Sed
337 4299 368 4345 ut
386 4291 503 4346 levitatis
526 4300 621 4348 careat
643 4294 748 4360 vitium,
765 4293 879 4349 facilitas
903 4299 932 4349 ct
980 4307 1061 4353 notris
1072 4297 1173 4352 latebat
1186 4295 1302 4361 occulte,
1315 4295 1487 4365 semetipsum
1503 4293 1637 4363 loquendo
1645 4291 1771 4364 producit

143 4384 198 4438 alta
213 4398 263 4439 ror
279 4382 338 4438 lteri
351 4384 509 4452 prolribctur
523 4386 549 4439 in
564 4385 628 4440 risa.
941 4388 1007 4492 I)in
1024 4388 1170 4458 publicum.
1195 4386 1245 4444 Ubi
1266 4386 1336 4441 ortior
1358 4385 1409 4472 istp
1430 4384 1538 4440 traditio
1558 4382 1642 4438 dicit:
1659 4368 1772 4453 Sapiens'

320 4482 357 4533 De
370 4485 498 4533 undecimo
510 4484 651 4533 numilitatis
662 4485 749 4546 gradu.
980 4481 1007 4534 t'n
1018 4479 1101 4534 uerbis
1115 4479 1251 4533 innotescit
1265 4478 1356 4548 paucis
1374 4475 1470 4548 (Eucti.
1482 4475 1541 4548 xx),
1555 4477 1606 4530 alia
1620 4476 1702 4530 dicit:
1719 4472 1771 4530 Str·

179 4563 337 4618 Undecimus
349 4565 504 4619 numilitatis
516 4566 614 4636 pandus
629 4576 674 4628 est,
698 4567 720 4620 si
734 4584 792 4620 curn
814 4567 932 4638 loquitur
979 4572 1051 4641 piens
1062 4570 1088 4624 in
1102 4569 1183 4622 turbis
1195 4567 1316 4637 producit
1330 4567 1443 4636 seipsam
1459 4564 1564 4639 (lota),
1579 4564 1666 4628 idest,
1682 4563 1770 4633 qualis

143 4654 295 4722 monachas,
319 4655 412 4710 leniter
424 4666 449 4710 et
461 4658 517 4711 siae
531 4659 596 4721 risa,
611 4659 743 4713 bannititer
761 4677 819 4714 carn
841 4663 931 4731 praci-
980 4659 1093 4714 intortos
1111 4664 1199 4712 exstat
1211 4657 1334 4722 tacendo,
1360 4657 1439 4711 talem
1462 4672 1490 4712 se
1512 4657 1638 4727 producit
1651 4655 1771 4714 exterius

143 4753 207 4810 tate,
219 4743 258 4799 nel
270 4761 355 4816 pauca
365 4745 441 4801 rerba
453 4756 477 4800 et
488 4747 656 4802 rationabilia
667 4748 798 4820 loquatur.
810 4750 930 4817 Leniter,
981 4750 1127 4820 loquendo.

142 4835 169 4889 id
183 4845 237 4900 est,
250 4844 399 4906 temperate
412 4837 454 4893 vel
466 4837 571 4908 placide
583 4839 659 4893 decet
672 4840 832 4895 monachum
846 4841 929 4911 loqui,
1150 4840 1187 4891 tle
1197 4840 1341 4891 duodecimo
1353 4837 1496 4889 brrmttttattr
1513 4839 1597 4900 prado.

143 4928 207 4998 quia
221 4930 350 4999 scriptum
362 4938 423 4985 est:
447 4929 532 4983 Verba
549 4930 821 4999 prudentiamstotera
832 4932 930 5004 ponde-
1018 4933 1192 4989 llaodecimas
1207 4931 1363 4985 numilitatis
1385 4930 1483 5001 pradns
1503 4939 1550 4993 cst,
1571 4929 1594 4984 si
1614 4946 1666 4985 non
1684 4928 1771 4985 salust

143 5020 272 5074 rimmo
288 5018 382 5093 (Eroti.
405 5021 473 5092 nur).
491 5019 601 5075 benitas
615 5022 685 5075 enim
701 5021 734 5076 de
749 5022 822 5078 lente
840 5024 930 5079 dulce·
982 5024 1060 5080 carde
1070 5023 1223 5085 munacius,
1235 5021 1279 5074 scd
1290 5021 1370 5075 etiam
1385 5035 1491 5088 corpore
1502 5017 1674 5072 bumilitatem
1686 5017 1771 5072 ridea-

142 5108 216 5162 dinls
229 5109 330 5178 pariter
347 5110 470 5178 procedit
490 5117 517 5162 ct
535 5109 618 5178 pacis.
637 5108 704 5164 lliue
725 5109 852 5166 Salomon
871 5113 928 5166 sit:
982 5117 1051 5168 titas
1070 5130 1097 5167 se
1117 5129 1217 5183 semper
1235 5111 1341 5165 indicet.
1358 5110 1541 5166 llumilitatem
1556 5112 1687 5166 veraciter
1702 5109 1770 5163 inte·

151 5195 262 5252 Vadam
275 5198 351 5253 dulce
361 5199 517 5269 multiplicat
528 5200 636 5266 amicos,
648 5210 672 5254 et
684 5200 786 5272 mitipat
799 5202 928 5267 inimicos,
982 5203 1039 5259 rius
1062 5206 1178 5258 retinere
1200 5211 1227 5257 et
1249 5217 1309 5257 eam
1328 5201 1409 5256 debet
1426 5202 1547 5256 exterius
1567 5201 1718 5256 ridentibus
1739 5213 1770 5255 so

143 5286 267 5357 etlinpao
277 5287 764 5358 pretiosaintonabantineaiandobit
775 5288 870 5361 (Ereti.
881 5291 929 5361 rr).
983 5294 1130 5348 nronacbus
1152 5293 1348 5356 demonstrare,
1365 5300 1395 5346 ut
1417 5301 1446 5348 et
1466 5293 1579 5347 interius
1594 5284 1700 5345 interno
1712 5289 1770 5360 pla·

144 5377 214 5433 llinc
237 5380 334 5433 iterum
357 5380 414 5448 ipse
437 5396 443 5431 τ
471 5377 561 5432 l'aaus
582 5378 666 5433 mettis
687 5379 763 5434 neria
788 5382 931 5451 coraposito
980 5390 1042 5437 ceat
1063 5382 1158 5451 judici,
1176 5389 1204 5436 et
1225 5382 1345 5437 exterius
1369 5383 1475 5439 cunctis
1499 5379 1629 5448 exemplis
1651 5380 1770 5447 praebeat

145 5466 208 5539 (Pr.
226 5469 384 5541 sribllcrba
393 5471 465 5525 enim
476 5469 545 5525 benc
552 5471 700 5540 composita
711 5480 740 5526 et
750 5471 930 5542 proterentem
981 5470 1149 5526 humilitatis.
1166 5471 1212 5526 Sic
1224 5472 1251 5526 in
1266 5480 1381 5542 atroque
1403 5468 1564 5526 humilitatis
1579 5467 1677 5521 virtute
1695 5482 1770 5523 mm·

145 5559 306 5624 honestam,
329 5567 357 5613 et
381 5559 494 5630 gratiam
520 5558 690 5617 audientibus
713 5562 930 5618 subministrant.
981 5561 1083 5631 positus
1097 5561 1309 5626 burniliscorde,
1323 5557 1768 5627 bumilisinvcnlatureteorporc.

147 5651 255 5707 tddtdb
266 5652 378 5708 dicens:
394 5651 428 5706 Et
439 5653 495 5707 sins
514 5653 587 5718 τίεις
603 5653 685 5710 rerba
698 5652 838 5710 cutmrtso
852 5654 931 5726 plena
980 5653 1095 5711 lutacius
1108 5654 1219 5710 humilis
1237 5653 1329 5709 animo
1342 5649 1499 5708 etcstcrius
1519 5663 1632 5718 carpam
1649 5649 1769 5708 insania·
