3810 6120
134 295 191 352 'lib

653 293 982 351 collaudatione.
1003 297 1031 351 S.
1053 296 1243 355 BENEDlCTl.

1709 303 1760 359 itt

129 416 179 466 cst
189 406 262 463 eirca
287 405 405 472 lumbos,
424 414 454 461 ut
484 422 536 462 non
552 407 676 462 rideatur
693 408 790 461 mulier
814 408 846 461 ad
861 423 926 462 con-
939 421 964 478 Α
977 419 1094 479 spurtus,
1105 419 1172 463 stcat
1188 420 1212 464 ct
1223 410 1306 464 uocati
1319 411 1379 464 estis
1394 412 1421 464 in
1436 426 1487 464 utra
1506 427 1549 481 spe
1563 410 1704 466 uacationis
1720 431 1762 469 ae·

131 498 330 571 ottpiscendum
343 512 350 551 ε
367 513 434 553 zoua
449 515 532 555 aurea
544 501 617 555 eirea
632 509 736 570 pectus,
746 509 775 553 ut
787 517 833 570 per
844 500 927 553 duca·

132 599 192 645 inm
203 587 343 659 Evangelii
356 605 493 658 pergamus
505 590 601 643 itinera
615 591 682 660 ejus.
697 590 828 644 Ducatum
843 590 928 644 Etan-

132 680 209 749 gelii,
226 679 316 741 idest,
331 678 458 733 ducatum
473 678 595 742 Cirristi3
612 681 783 749 nequeenim
799 680 927 735 aliorsum

132 769 269 835 Cirristns,
278 769 406 823 aliorsum
418 769 490 823 ducit
498 769 687 840 Euangelimn;
700 771 747 825 sed
755 771 811 841 ipsa
821 772 926 825 Domini

130 860 278 932 gestaret
306 860 478 914 sanctissima
497 861 589 927 verba,
615 871 746 917 uocantur
770 862 925 931 Evangelia,

131 957 401 1019 grauseqnentesper
413 950 510 1003 itinera
518 958 589 1005 reeta
600 951 790 1020 perducantad
804 951 926 1007 ccelesiis

132 1055 228 1111 regna
244 1039 298 1094 Sed
316 1039 459 1110 diligenter
472 1040 548 1094 nolus
569 1049 610 1094 est
624 1041 780 1095 intuendum
794 1042 838 1112 qni
852 1050 925 1106 sunt,

132 1140 182 1186 ortt
199 1133 245 1201 qni
260 1142 420 1201 moriuntur,
446 1131 488 1186 rel
504 1149 557 1203 qno
583 1134 695 1188 tendunt
710 1134 738 1188 lti
756 1134 799 1203 qni
817 1148 866 1203 per
878 1134 926 1188 tlu-

132 1230 227 1277 estam
239 1219 377 1291 Evangelii
391 1230 514 1291 pergam.
532 1221 564 1275 lli
581 1223 747 1292 sonituique
762 1224 859 1291 qrribus
874 1224 925 1278 Do-

131 1316 226 1371 minus
240 1314 279 1367 ait
293 1331 300 1367 ι
316 1313 399 1367 Attica
424 1314 482 1366 dico
497 1315 578 1375 uobis,
593 1317 657 1384 quia
681 1332 736 1380 uos,
752 1317 797 1386 qui
818 1315 925 1385 reliqni-

130 1407 181 1462 stis
195 1405 283 1459 otttnia
302 1414 325 1456 et
348 1404 507 1456 secuti‘estis
519 1420 570 1470 me,
584 1406 612 1458 iu
636 1404 838 1476 regeneratione,
867 1420 925 1456 cum

130 1497 229 1554 sederit
241 1495 314 1565 filius
328 1495 481 1548 ltoutiaisia
496 1495 556 1548 sede
567 1496 712 1565 nrajestatis
738 1512 804 1558 sicce,
822 1493 924 1548 sedebi·

130 1590 166 1643 tis
183 1597 207 1641 et
219 1603 262 1640 eos
275 1600 352 1654 super
374 1584 511 1637 duodecim
525 1584 608 1647 sedes,
621 1584 772 1654 iudicantes
788 1583 926 1636 duodecim

131 1678 218 1733 tribas
231 1674 316 1729 lsrael
337 1673 445 1746 (blattis.
472 1675 539 1744 xrs).
557 1675 589 1728 Et
604 1675 657 1741 ille,
670 1677 712 1730 cui
729 1676 794 1730 dicit
812 1695 818 1729 :
839 1675 923 1740 lade,

977 507 1039 552 stre
1054 498 1160 569 (Epiros.
1174 498 1221 568 rr).
1246 499 1296 555 llic
1317 508 1407 554 autem
1429 501 1473 570 qui
1493 518 1539 554 aas
1557 500 1653 554 uocauit
1667 505 1762 559 beatus

978 589 1139 645 Benedictus
1153 591 1228 656 dicit,
1243 601 1270 646 et
1283 592 1444 647 subauditur
1455 594 1496 648 rel
1512 594 1545 648 ad
1559 593 1674 663 gratiam
1699 593 1761 651 ildei

977 680 1104 749 prinmm,
1128 680 1169 735 rel
1193 683 1226 735 gd
1249 681 1387 752 religionis
1409 693 1501 753 postea
1529 694 1556 737 ct
1578 685 1763 741 conversionis

978 769 1111 823 lmltitnrn.

1013 858 1046 912 lu
1070 860 1145 929 eitius
1166 862 1238 931 regni
1258 861 1424 916 tabernaculo
1445 865 1468 918 si
1490 870 1607 917 caiunuts
1633 865 1763 932 babitare,

978 949 1029 1003 uisi
1047 949 1109 1003 illac
1127 950 1199 1004 bonis
1217 953 1317 1006 actibus
1339 960 1467 1007 currendo
1484 954 1590 1007 utirtime
1605 955 1763 1023 peruenitur.

978 1037 1147 1100 llaaiiestum
1166 1049 1208 1095 est
1222 1042 1294 1096 enim
1311 1045 1372 1111 quia
1386 1043 1585 1099 benefacientes
1599 1051 1626 1096 et
1641 1059 1694 1100 non
1707 1060 1764 1099 rna-

978 1128 1133 1186 lelaeientes
1153 1132 1272 1187 coelcstis
1291 1135 1367 1205 regni
1387 1135 1559 1189 tabernacula
1580 1135 1763 1210 possidebunt.

978 1218 1023 1274 Sic
1038 1221 1109 1274 enim
1125 1222 1158 1275 dc
1174 1223 1250 1278 malis
1267 1224 1365 1280 Paulus
1378 1226 1515 1296 apostolus
1529 1227 1585 1281 ait:
1600 1225 1669 1292 Quia
1684 1242 1765 1296 aeque

976 1307 1098 1373 adulteri,
1115 1327 1195 1381 neque
1211 1311 1311 1380 molles,
1327 1330 1409 1386 neque
1427 1325 1603 1369 ntaseutaruta
1615 1316 1766 1369 carreubito-

978 1415 1027 1466 res,
1043 1417 1123 1470 acque
1138 1401 1220 1469 iures,
1238 1420 1318 1475 acque
1330 1405 1415 1471 atrati,
1432 1422 1512 1476 neque
1530 1404 1664 1472 maledici,
1686 1424 1767 1478 aeque

976 1490 1082 1557 ebriosi,
1091 1509 1171 1563 aeque
1185 1510 1302 1564 rapaces,
1311 1511 1418 1566 regnum
1426 1495 1476 1551 Dei
1486 1497 1652 1563 possidebant
1666 1496 1690 1567 (l
1703 1496 1765 1552 Cor.

977 1582 1026 1654 ιι).
1052 1582 1107 1638 Nos
1131 1591 1221 1638 sutem
1242 1585 1265 1639 si
1280 1586 1404 1655 cupimus
1426 1600 1538 1657 reguum
1555 1586 1602 1642 Dei
1619 1587 1767 1662 possidere,

977 1674 1004 1727 iu
1018 1675 1137 1728 astartibus
1159 1675 1326 1729 cabibeautus
1346 1677 1516 1739 ttosmeiiusos
1536 1677 1603 1735 sicut
1620 1678 1667 1733 Dei
1690 1680 1770 1736 mini·

132 1779 158 1824 ct
171 1768 253 1822 sende
269 1768 357 1840 omitia
374 1783 431 1838 qttcc
451 1768 541 1834 babes,
562 1778 585 1822 ct
609 1770 643 1823 da
662 1771 829 1841 pattpetibus,
842 1780 866 1823 ct
880 1770 925 1824 ira·
938 1769 962 1826 B
975 1777 1053 1830 siros,
1073 1766 1100 1819 in
1120 1765 1203 1818 sttuite
1220 1766 1359 1835 patientia,
1381 1768 1409 1821 in
1429 1767 1652 1834 tribulationibus,
1675 1771 1703 1822 iu
1723 1787 1754 1823 ae

133 1861 204 1916 bebis
217 1861 353 1913 tbesauros
366 1860 393 1912 iu
413 1858 494 1923 coelis,
517 1869 541 1914 et
553 1861 620 1924 arcui,
649 1877 755 1931 sequere
776 1878 816 1914 nte
827 1859 924 1928 (blata.

133 1953 173 2021 si.
191 1951 245 2004 Et:
263 1949 314 2015 Qut
329 1948 383 2003 otclt
394 1961 450 2020 post
464 1966 504 2004 nte
513 1951 609 2016 uertice,
630 1951 737 2020 abtrcget
749 1952 925 2021 semetipsum,

132 2053 158 2097 et
173 2042 250 2096 tollat
273 2057 376 2094 crttcem
391 2057 479 2106 sunus
493 2051 517 2095 et
532 2052 658 2112 sequatur
673 2059 713 2097 ute
737 2042 843 2114 (blattis.
858 2046 926 2113 arr),

132 2141 161 2187 et
176 2131 286 2187 similia.
304 2129 486 2200 eognovimus
506 2130 638 2198 quisunt,
662 2129 766 2185 seilicet
787 2131 833 2200 qui
848 2130 928 2184 reliu-

133 2231 221 2295 quant
244 2221 345 2287 onmia,
361 2228 389 2274 et
413 2221 457 2289 qni
477 2219 609 2286 rendunt,
632 2229 660 2275 et
674 2220 739 2275 dant
752 2221 926 2291 pauperibus,

132 2324 161 2371 et
173 2314 221 2384 qni
238 2313 372 2384 abnegant
383 2313 554 2383 semetipsos,
569 2321 597 2368 et
613 2311 708 2367 tollunt
718 2327 827 2368 crucem
839 2327 927 2367 snrnn.

133 2407 223 2475 Ουοιιι
248 2411 397 2474 sequuntur
416 2402 576 2458 Christum?
591 2402 716 2458 videlicet
728 2402 773 2472 qni
787 2402 853 2456 dicit
864 2402 904 2456 eis
920 2420 927 2456 ε

133 2506 160 2551 et
188 2495 269 2549 secreti
293 2495 354 2547 estis
382 2509 443 2558 tue;
463 2501 500 2556 ct,
526 2493 593 2558 terri,
610 2504 715 2563 sequere
728 2508 777 2546 ute.
792 2490 931 2558 Quomodo

134 2593 297 2655 maturatur,
311 2583 460 2638 rideamus.
479 2582 608 2652 Sequitur
619 2592 709 2637 autem
721 2581 870 2646 Christum,
884 2583 930 2652 qui

134 2676 278 2749 qrraeoptis
292 2676 351 2746 ejus
365 2676 475 2740 insistit,
490 2675 536 2745 qni
552 2690 600 2744 per
614 2675 764 2746 magisterii
781 2672 839 2741 ejus
851 2674 932 2729 resti·

135 2769 180 2839 gin
197 2767 329 2838 graditur,
344 2766 389 2836 gni
403 2766 514 2838 vestigia
529 2765 587 2835 ejus
598 2773 625 2821 et
638 2765 736 2820 itinera
748 2773 877 2828 sectatur,
885 2763 931 2833 qui

136 2858 211 2930 qttod
223 2856 347 2912 Christus
360 2856 451 2912 docuit
466 2865 494 2911 et
507 2856 571 2911 lecit
594 2855 726 2921 imitatur,
751 2855 822 2910 sicut
834 2852 933 2909 Petrus

977 1855 1149 1919 cessitatibtts,
1162 1855 1339 1925 iuongustiis,
1359 1857 1492 1926 impingis,
1511 1858 1538 1913 iu
1557 1859 1717 1923 carceribus,
1740 1860 1768 1914 ia

978 1945 1159 2009 seditionibus,
1180 1946 1206 1999 iu
1226 1946 1368 2011 laboribus,
1393 1948 1420 2002 ia
1437 1948 1541 2020 uigiliis,
1558 1950 1585 2004 in
1598 1951 1722 2020 jejuniis,
1739 1953 1767 2006 ia

978 2037 1108 2099 castitate,
1129 2037 1288 2101 inscientia,
1305 2038 1331 2090 in
1352 2036 1561 2108 longanimitate,
1584 2041 1610 2094 ia
1631 2042 1769 2107 suauitate,

977 2129 1006 2180 in
1023 2125 1125 2196 Spiritu
1144 2137 1250 2192 sancto,
1274 2128 1300 2180 in
1321 2129 1448 2184 vicaritate
1471 2146 1521 2184 uou
1542 2129 1618 2198 licta,
1642 2133 1670 2185 ia
1692 2132 1769 2186 aerbo

978 2220 1103 2286 ueritatis,
1121 2221 1148 2273 ia
1160 2222 1254 2276 uirtute
1264 2221 1323 2276 ut.
1346 2220 1399 2276 Per
1410 2240 1484 2276 caruca
1497 2226 1605 2293 quotitite
1625 2226 1766 2292 adeatris,

979 2322 1003 2367 et
1016 2331 1032 2367 a
1044 2314 1166 2369 sinistris.
1182 2314 1236 2368 Per
1253 2315 1375 2385 gloriam,
1400 2330 1423 2371 ct
1442 2319 1641 2388 ignobilitatem.
1664 2321 1717 2377 Per
1728 2322 1769 2376 ia-

980 2404 1099 2473 [amiam
1114 2414 1138 2458 et
1152 2405 1245 2462 bouum
1261 2405 1370 2474 samam.
1393 2404 1426 2460 llt
1442 2409 1601 2475 setluctores,
1619 2419 1642 2464 et
1655 2428 1769 2466 veraces.

982 2491 1055 2547 Sicut
1073 2495 1117 2566 qui
1135 2496 1227 2564 ignoti,
1243 2505 1267 2548 et
1280 2497 1385 2566 cogniti.
1408 2496 1490 2563 Quasi
1505 2500 1656 2566 morientes,
1671 2511 1696 2555 et
1713 2517 1772 2555 ecee

981 2582 1089 2640 uiuimus
1102 2602 1111 2640 :
1124 2595 1152 2638 ut
1164 2587 1294 2656 castigati,
1306 2596 1331 2640 et
1343 2604 1393 2642 aaa
1404 2589 1564 2654 mortificati.
1579 2589 1661 2656 Quasi
1674 2593 1771 2659 tristes,

981 2689 1081 2744 senaper·
1092 2685 1179 2730 autem
1195 2675 1356 2746 gaudentes:
1368 2679 1435 2732 sieut
1450 2690 1563 2749 egentes,
1579 2680 1673 2735 inultos
1685 2693 1773 2739 autem

983 2763 1178 2835 locupletantes.
1193 2765 1328 2838 Tanquam
1341 2768 1406 2823 niltil
1424 2770 1557 2837 laudentes,
1573 2782 1597 2825 et
1610 2775 1698 2828 omnia
1712 2791 1774 2847 pos-

983 2856 1097 2913 sidentes
1117 2857 1161 2929 (ll
1173 2857 1234 2913 Cor.
1251 2859 1300 2931 rr).
1322 2860 1357 2914 Et
1372 2862 1411 2916 sie
1424 2878 1472 2932 per
1486 2864 1551 2919 istos
1566 2875 1593 2920 et
1608 2865 1675 2921 alios
1690 2866 1775 2921 bonos

136 2950 265 3007 bortatur
278 2949 389 3004 dicens:
403 2946 523 3003 bitriscus
535 2965 627 3019 passas
638 2957 675 3003 est
693 2964 739 3018 pro
755 2947 841 3014 trabis,
854 2946 933 3001 relia-
985 2955 1062 3002 actius
1075 2956 1217 3003 currentes
1230 2949 1396 3007 tabernaculi
1412 2953 1486 3028 regni
1507 2955 1627 3014 catastis
1641 2970 1702 3011 esse
1717 2971 1775 3013 me·

136 3058 221 3116 queas
239 3040 311 3095 nobis
329 3039 475 3111 eucarpium
495 3049 523 3093 at
540 3056 681 3112 sequamur
699 3041 807 3110 uestigia
831 3040 888 3109 eires
907 3037 933 3108 (l
985 3038 1106 3094 rebimur
1120 3040 1296 3099 habitatores.

138 3134 214 3191 Pete.
224 3131 535 3203 rt);esemplnmseilieet
544 3132 756 3197 tribttlationnm,
766 3129 936 3185 nontlelieia-
949 3124 971 3185 C
1022 3129 1075 3185 Sed
1085 3132 1341 3202 interrogemascum
1353 3131 1481 3203 Propireta
1490 3133 1641 3199 Dominum,
1650 3136 1776 3193 diceuics:

138 3238 224 3289 rttm;
240 3222 474 3287 contumeliamm,
491 3238 543 3277 non
560 3221 735 3293 gattdiornm3
752 3221 931 3292 lingellornm,
983 3221 1106 3289 Dandae,
1124 3224 1181 3298 quis
1198 3223 1325 3278 itabitabit
1342 3223 1368 3278 in
1386 3223 1554 3280 tabernacula
1575 3228 1640 3285 tito?
1658 3239 1703 3284 aut
1719 3231 1777 3300 quis

138 3313 277 3381 doiorum,
288 3314 506 3386 opprobriorum,
522 3312 672 3383 spinarum,
685 3313 772 3367 erneis
786 3320 812 3367 et
826 3312 931 3366 mortis.
984 3315 1126 3387 requiescet
1142 3315 1168 3368 in
1179 3325 1266 3368 marite
1279 3324 1370 3368 sancto
1385 3325 1429 3368 tao
1455 3313 1541 3387 (Psoi.
1556 3319 1631 3390 :sitii
1649 3318 1778 3386 Quamuis

138 3407 203 3477 Quo
227 3421 291 3464 sero
316 3406 361 3462 isti
387 3406 500 3460 tendunt
524 3405 569 3474 qui
591 3421 640 3477 per
651 3404 789 3476 Evangelii
806 3404 933 3460 ducatum
985 3406 1029 3460 aiii
1047 3407 1171 3461 doctores
1189 3407 1240 3461 lroe
1260 3407 1285 3461 in
1301 3406 1360 3461 loeo
1381 3407 1585 3462 salternaeulnm
1615 3422 1778 3480 pausantem

139 3507 267 3565 currum,
282 3498 378 3554 mellus
404 3496 566 3561 videbimus,
583 3497 605 3551 si
634 3497 709 3568 prius
734 3502 874 3550 vocantem
888 3508 934 3548 eos
984 3495 1134 3566 intelligant
1150 3494 1309 3561 Ecclesiam,
1324 3495 1419 3550 beatus
1436 3504 1525 3552 tamen
1540 3496 1703 3554 Detretlietns
1724 3510 1778 3556 nou

139 3593 287 3650 Domimm
308 3592 449 3647 audiamus
462 3608 469 3656 ;
484 3591 521 3644 ait
535 3590 608 3645 crtim
627 3589 776 3643 Dominus:
797 3585 935 3640 Vetritead
985 3587 1075 3640 minus
1097 3585 1214 3655 repletus
1236 3584 1339 3656 Spiritu
1363 3597 1457 3640 sarecto
1481 3586 1676 3649 habitationem
1696 3587 1779 3645 eoele·

141 3699 194 3749 ate,
223 3699 311 3738 omues
335 3682 552 3754 quiiaboratisct
577 3681 679 3734 orierati
694 3679 766 3742 estis,
781 3688 861 3748 eteqo
876 3677 935 3746 rei·
986 3684 1067 3740 siem,
1091 3674 1161 3745 quod
1185 3684 1226 3730 est
1248 3691 1360 3745 regnum
1384 3685 1527 3744 soternmn,
1551 3693 1600 3746 per
1621 3678 1673 3735 boe
1694 3679 1780 3737 rttluii

142 3776 213 3829 dant
224 3790 268 3829 uos
286 3770 457 3848 (blattixt).
486 3772 585 3827 lterum
597 3770 684 3824 dicit:
706 3768 808 3833 Venite,
833 3766 937 3821 benedi·
987 3766 1137 3836 intelligere
1161 3766 1374 3821 taliternacnimn.
1411 3766 1487 3824 Unde
1518 3778 1545 3822 ct
1566 3768 1695 3826 Dominus
1723 3772 1776 3825 ait:
1845 3780 1852 3794 ·

141 3867 180 3921 cti
194 3864 285 3920 Patris
296 3866 358 3930 tuci,
373 3865 498 3936 percipite
513 3880 630 3934 regirant,
647 3862 716 3934 quod
731 3861 801 3916 uobis
813 3870 936 3931 paratura
988 3855 1013 3908 F
1014 3857 1081 3911 acite
1095 3856 1165 3911 uobis
1180 3859 1277 3912 anticos
1290 3858 1322 3912 de
1335 3875 1483 3914 uttrrnmoaa
1502 3861 1656 3932 iniquitatis,
1671 3872 1707 3926 ut,
1721 3880 1779 3916 curri

142 3966 182 4012 est
204 3957 237 4011 ab
259 3957 359 4028 origiue
382 3956 474 4010 trturtdi
498 3954 605 4025 (blattis.
624 3950 699 4023 ιιι),
724 3960 751 4006 et
765 3950 871 4006 similia.
889 3948 935 4002 Li·
988 3947 1145 4017 defeceritis,
1165 3947 1347 4018 recipientem
1362 3949 1501 4000 itta‘tetua
1517 3949 1687 4003 tabernacula
1702 3948 1777 4021 (Luc.

142 4057 221 4119 quet,
234 4062 309 4113 ecce,
326 4048 372 4102 ulti
387 4047 502 4102 tendunt
514 4046 561 4116 qni
583 4060 632 4115 per
645 4044 785 4115 Evangelii
810 4043 937 4097 ducatum
989 4044 1056 4112 xri).
1080 4041 1155 4096 lions
1173 4050 1262 4095 atatem
1278 4041 1335 4111 ipse
1353 4040 1483 4096 Dominus
1504 4051 1598 4097 noster
1609 4040 1687 4097 lesus
1702 4043 1780 4098 Clari-

143 4155 273 4217 pergnnt,
289 4144 415 4200 titlelicei
429 4144 463 4198 ad
478 4151 580 4198 tantam
598 4141 720 4213 gloriam,
745 4149 774 4194 ut
788 4155 849 4194 curn
864 4139 939 4194 sede-
989 4143 1046 4188 stus
1069 4133 1236 4205 intelligitur,
1260 4133 1292 4188 de
1310 4149 1363 4203 qtto
1386 4133 1469 4189 isaias
1494 4135 1554 4189 ait:
1576 4134 1609 4188 ln
1635 4136 1781 4191 iratissimis

144 4237 183 4291 rit
197 4235 267 4290 illins
284 4235 402 4290 bominis
424 4233 528 4289 insede
545 4231 694 4300 nisiestatis
710 4246 774 4297 stim,
790 4232 900 4285 sedeant
913 4237 940 4282 ct
990 4225 1080 4279 dicbus
1096 4226 1144 4279 erit
1163 4235 1326 4295 preparatus
1341 4242 1415 4280 risoris
1432 4227 1524 4280 dotatus
1538 4225 1645 4281 Danuui
1661 4229 1687 4280 iu
1704 4228 1781 4282 uerti-

145 4327 187 4382 illi
202 4325 438 4397 superduodeelm
454 4325 542 4388 sedes,
556 4333 583 4378 et
594 4322 715 4391 jutlieent
739 4320 880 4376 duodecim
892 4319 940 4373 tri·
991 4331 1045 4368 cem
1064 4316 1191 4370 montium
1216 4313 1287 4386 (isa.
1311 4315 1359 4386 u).
1385 4316 1413 4370 ln
1438 4332 1492 4386 quo
1513 4331 1607 4373 ouurcs
1633 4318 1781 4374 electorum

144 4417 200 4472 bus
211 4415 293 4471 lsrael
306 4432 313 4483 ;
328 4424 354 4471 et
366 4422 396 4469 ut
408 4414 583 4470 relectionem
601 4422 729 4467 aeternam
744 4410 897 4481 accipiant;
913 4418 940 4464 et
992 4404 1088 4459 atrimae
1109 4413 1239 4476 perpetuo
1265 4406 1452 4475 requiescunt;
1478 4407 1548 4462 sient
1572 4408 1642 4463 idem
1657 4409 1709 4464 illis
1731 4410 1782 4463 Do·

144 4517 177 4564 nt
199 4523 311 4580 regnum
333 4507 557 4562 aconstitntionc.
582 4504 674 4559 tnundi
698 4512 822 4574 paratum
850 4502 938 4572 perci·
992 4496 1081 4550 minus
1098 4495 1135 4549 ait
1148 4513 1154 4546 :
1169 4494 1262 4549 Tollite
1276 4496 1372 4566 jugum
1392 4513 1477 4550 arriana
1490 4514 1568 4566 snper
1587 4514 1638 4563 cos,
1655 4508 1679 4552 et
1691 4499 1782 4554 discite

143 4601 234 4671 piant.
255 4598 332 4655 Unde
344 4607 372 4652 et
387 4606 448 4668 apte
471 4597 551 4652 rerba
574 4595 645 4651 beati
662 4595 802 4651 Benedicti
821 4609 937 4667 sequun-
992 4606 1008 4642 a
1027 4605 1067 4641 tue
1084 4588 1146 4658 qaia
1165 4588 1234 4641 utitis
1254 4604 1312 4640 satu
1331 4599 1354 4641 ct
1371 4587 1476 4642 irantilis
1492 4588 1569 4642 carde
1582 4603 1590 4640 :
1604 4600 1628 4643 et
1647 4590 1782 4645 ittucttictis

144 4700 195 4748 lut·
207 4689 342 4744 dicentis:
992 4679 1105 4748 requiem
1124 4677 1260 4731 attintabus
1277 4679 1367 4732 uestris
1385 4678 1553 4749 (liuidum).

185 4777 221 4832 lli
242 4795 386 4832 recreamur
404 4795 474 4844 eunt,
492 4780 535 4850 qut'
556 4795 602 4832 tros
621 4779 731 4841 coercuit,
754 4780 779 4830 in
798 4793 938 4847 regnasua
1031 4775 1093 4831 Post
1109 4778 1176 4830 ltttuc
1193 4778 1432 4847 interrogationem,
1449 4778 1554 4847 iratres,
1571 4779 1713 4834 audiamus
1729 4779 1783 4833 Do-

144 4869 247 4924 ridete.
265 4866 465 4922 Derocationis
482 4868 567 4939 gratia
584 4866 886 4938 sieaposttrlttsPattltts
905 4867 938 4920 atl
993 4870 1092 4922 mittunt
1117 4868 1330 4938 respondentem,
1364 4879 1388 4922 et
1417 4871 1592 4925 ostendentem
1617 4872 1690 4925 uobis
1715 4872 1784 4926 eiam

144 4958 260 5016 Galatas
274 4959 312 5013 ait
330 4977 336 5011 :
354 4959 447 5023 iiiior,
460 4959 529 5030 quod
548 4970 602 5013 tuat
624 4960 675 5012 cito
697 4957 887 5027 transferimini
907 4957 939 5010 ab
994 4962 1074 5031 ipsius
1094 4960 1266 5024 tubernaculi,
1286 4971 1310 5014 ct
1329 4961 1541 5027 diceutem:Qui
1561 4963 1709 5033 ingreditur
1728 4964 1785 5018 siue

78 5120 81 5124 Ι
143 5066 192 5116 eo,
211 5051 256 5122 gui
273 5066 317 5105 uos
334 5051 432 5105 uocauit
447 5050 475 5104 iu
496 5052 608 5121 gratiam
622 5048 720 5104 Cirristi
745 5046 844 5120 (Galat.
862 5048 892 5120 r).
908 5047 942 5102 Et
995 5050 1110 5116 citocatia,
1126 5060 1150 5105 et
1166 5061 1290 5121 operatur
1300 5051 1429 5118 iustitiam
1442 5066 1450 5103 :
1461 5053 1505 5123 qui
1525 5053 1784 5125 loquiturueritatent

144 5138 185 5197 tie
205 5155 236 5196 se
252 5139 323 5197 idern
340 5142 379 5195 ait
400 5159 406 5193 :
429 5141 480 5205 Qut
500 5157 540 5195 nte
554 5140 697 5215 segregabit
717 5139 749 5193 de
764 5149 836 5193 utero
850 5139 941 5193 matria
994 5142 1022 5195 in
1039 5142 1117 5195 corde
1131 5159 1189 5206 sao,
1208 5142 1252 5212 qai
1266 5159 1316 5195 μοι
1333 5143 1383 5212 egit
1399 5141 1488 5198 dolum
1508 5144 1535 5197 iu
1550 5143 1640 5216 lingua
1654 5162 1721 5212 sua,·
1739 5146 1785 5217 qai

143 5248 226 5297 inea,
241 5242 264 5287 et
279 5234 376 5288 cocatit
389 5250 435 5304 per
454 5235 567 5304 qratiam
581 5249 657 5287 saara
672 5231 778 5304 (ibid).
795 5234 829 5288 Et
842 5234 941 5288 iterum
996 5250 1047 5287 raon
1065 5234 1124 5302 lecit
1135 5233 1254 5304 praeituo
1267 5250 1315 5287 suo
1329 5231 1438 5299 rualem,
1455 5245 1478 5287 et
1494 5235 1661 5305 approbrium
1678 5253 1729 5289 aaa
1740 5251 1784 5288 ac«
1871 5248 1879 5263 ‘

145 5325 215 5381 aiibi
226 5325 307 5380 dicit:
322 5325 435 5379 Obsecro
451 5326 537 5397 itaque
549 5341 601 5391 cos,
614 5326 767 5396 egotirrctus
780 5326 806 5379 in
819 5324 940 5390 Dantiao,
995 5324 1060 5392 cepit
1078 5323 1202 5377 aduersas
1222 5323 1372 5393 procintutu
1391 5339 1468 5378 suam
1490 5324 1576 5395 (Psoi.
1642 5324 1711 5393 xrs).
1733 5322 1785 5386 out

144 5416 272 5487 utdiqne
289 5415 427 5471 ambuletis
453 5415 588 5468 uacatione
609 5433 661 5485 qua
683 5414 766 5468 uocati
788 5414 858 5479 estis,
884 5429 942 5467 cunt
994 5410 1138 5481 tataligmuu
1155 5410 1289 5465 diabolum
1307 5411 1397 5483 aliqua
1412 5413 1565 5467 suadentem
1578 5413 1638 5475 sibi,
1650 5427 1708 5463 cam
1727 5411 1784 5479 ipsa

146 5509 223 5567 omni
237 5506 384 5562 bumilitate
399 5517 422 5561 et
440 5507 652 5572 atoasuetudine,
668 5525 727 5561 cutte
740 5506 867 5577 patientia
882 5523 942 5576 sup·
994 5501 1116 5555 suasione
1132 5517 1181 5559 sua
1199 5517 1216 5553 a
1233 5502 1412 5571 conspectibus
1430 5502 1516 5556 cordis
1532 5502 1573 5555 sui
1592 5515 1725 5567 respueras,
1738 5498 1785 5551 de-

146 5609 284 5674 portantes
299 5599 407 5653 iaticum
425 5599 452 5651 ia
467 5597 604 5663 citaritaie,
617 5597 722 5652 solliciti
739 5614 842 5651 screare
859 5596 946 5649 unita-
994 5595 1071 5649 duait
1091 5594 1125 5646 ad
1145 5592 1267 5659 uiltilum,
1285 5604 1309 5647 ct
1324 5593 1446 5664 parettios
1467 5593 1595 5662 cogitatas
1614 5590 1671 5659 eius
1691 5591 1783 5656 tenuit,

148 5703 202 5748 teat
215 5691 323 5762 spiritus
341 5688 368 5742 ia
386 5687 488 5740 cirteuio
506 5688 588 5758 pacis.
606 5685 692 5742 llnuut
711 5705 816 5758 carpus,
831 5697 855 5740 ct
877 5704 944 5741 ttrttts
997 5693 1020 5740 et
1037 5683 1118 5737 adlisit
1140 5682 1174 5738 ad
1193 5679 1335 5737 Citristam.
1368 5681 1420 5747 Ωιι
1440 5681 1558 5733 timentes
1578 5677 1730 5743 Dominum,
1753 5680 1785 5740 ds

356 5781 492 5841 Parnon.
521 5780 585 5844 eit.
1529 5771 1568 5833 23
