3810 6120
136 300 189 361 geg
742 294 894 354 umbettt
914 297 1163 359 dodlcdonbtl.
1710 308 1763 367 ott

136 424 245 479 esttrm3
261 413 420 482 inquietudo
433 426 507 484 ergo,
529 426 589 481 qnae
598 419 626 466 et
637 410 690 466 aliu
704 411 813 467 nomiae
837 411 927 466 curio-
940 414 966 473 Α
977 425 1010 466 su
1037 411 1138 469 Christi
1162 422 1203 469 est
1227 415 1393 470 maranata.
1413 414 1448 470 Et
1466 414 1591 484 quararb
1616 418 1764 486 apostoliea

136 506 204 565 sitas
215 505 377 577 appellatur,
400 503 503 574 grande
515 511 558 557 εει
571 503 675 568 vitium,
697 517 757 573 qua
767 515 818 559 nec
828 517 927 571 corpus
976 502 1108 559 charitate
1121 505 1158 560 sit
1166 504 1255 574 plena,
1272 506 1463 562 auctoritatem
1475 512 1567 561 lamen
1586 508 1707 565 continet
1720 525 1764 569 re-

135 596 267 667 quietum,
291 608 342 648 nce
365 593 483 646 animam
506 592 618 646 dimittit
639 606 700 647 este
721 593 781 647 sine
802 600 924 662 peccato.
975 591 1058 664 giam
1077 608 1138 663 quae
1151 593 1401 650 tidellumomnium
1413 594 1559 650 salubriter
1576 604 1714 652 cateruam
1726 599 1761 655 ad

135 686 204 743 uam
221 684 294 739 enim
310 682 425 737 sonicite
439 680 553 736 aliorum
572 682 667 736 domos
679 682 789 746 circuit,
807 681 848 736 vel
862 680 927 736 alie·
975 689 1077 737 reatatu
1098 684 1251 739 animarum
1266 683 1391 754 perducit
1405 683 1536 754 regulam.
1558 685 1604 739 dit
1621 687 1713 742 euim:
1727 685 1762 743 lit

135 790 170 833 na
189 782 251 829 acta
270 773 378 828 curiose
402 772 547 842 perquirit,
567 772 662 841 procul
682 771 764 827 dubio
788 772 816 826 in
834 771 926 826 multis
974 773 1133 827 mittebatis
1145 789 1188 828 not
1200 775 1232 827 ab
1244 775 1314 828 amai
1337 774 1422 842 fratrc
1436 774 1549 844 inquiete
1563 776 1726 843 ambulante,
1736 787 1763 832 et

134 862 256 921 offendit.
285 861 353 916 Nam
376 860 542 915 curiositatis
558 860 654 915 titium
676 860 861 914 indesinenter
877 874 925 914 eo·
974 881 1026 919 aaa
1036 865 1178 920 secuudum
1188 867 1365 932 traditionem,
1390 883 1469 939 qaam
1484 879 1667 939 acceperam
1684 872 1759 927 troiia

134 956 249 1013 militur
266 963 295 1010 el
317 952 414 1009 otium.
442 950 568 1006 Olt'oet'lttt
588 961 676 1005 ιιιιιιιιι
692 951 801 1005 immicis
815 957 854 1004 etl
867 950 925 1003 etal-
973 954 1017 1026 (ΙΙ
1030 955 1174 1027 Thomu).
1187 957 1449 1013 {lincauctoritatem
1464 957 1571 1013 firmam
1583 960 1764 1018 subtrahendi

133 1064 184 1105 ata
197 1047 284 1122 (licei.
298 1045 408 1116 narrt).
422 1044 516 1099 ilelius
537 1054 578 1100 est
592 1058 657 1113 ergo
672 1043 811 1099 monacbis
821 1049 851 1097 ut
860 1042 925 1098 obe-
972 1058 1004 1101 se
1020 1051 1139 1115 apravls
1153 1045 1304 1102 bominibus
1317 1048 1351 1102 ab
1364 1047 1485 1116 apostolo
1506 1055 1662 1103 sanctorum
1675 1064 1760 1106 acee-

133 1140 240 1196 dlentes
254 1140 310 1194 sint
323 1137 476 1207 praepositis
487 1137 544 1191 suis
562 1137 595 1192 ad
615 1150 722 1191 omnem
740 1133 923 1190 obedientiam
972 1134 1013 1205 pit
1033 1135 1163 1191 Ecclesia.
1189 1135 1320 1207 Regulam
1343 1144 1434 1192 auteur
1454 1138 1523 1193 benc
1541 1137 1707 1203 ambulandi,
1733 1139 1761 1196 id

133 1230 261 1287 utilitatis
279 1242 345 1291 suae,
358 1236 385 1282 et
398 1241 460 1282 cum
474 1225 590 1291 silentio,
616 1224 696 1280 idest
718 1224 752 1279 ab
765 1224 839 1278 omtri
856 1222 923 1277 titio
972 1229 1116 1293 est,beue‚
1128 1234 1157 1283 et
1172 1226 1257 1297 juste,
1275 1236 1303 1283 ει
1315 1227 1360 1299 pie
1370 1229 1488 1293 vivendi,
1502 1230 1672 1285 tradiderunt
1695 1231 1763 1287 lide-

133 1319 328 1393 iaquietudinis
351 1326 378 1374 et
396 1317 573 1379 curiositatis,
597 1322 624 1370 et
637 1314 810 1369 verbositatis
828 1313 922 1378 alieni,
971 1317 1043 1373 libus
1063 1320 1188 1388 apastoli,
1207 1334 1289 1389 qnam
1309 1321 1429 1375 omnium
1443 1319 1655 1391 fideliumldebet
1670 1328 1764 1377 renero

133 1411 260 1467 manibus
277 1415 422 1478 operantes
435 1422 514 1462 suum
537 1421 634 1476 panem
649 1404 822 1467 manducent,
839 1411 867 1457 et
880 1404 922 1457 in-
971 1406 1086 1463 firmiter
1100 1407 1231 1476 Ecclesia,
1246 1425 1306 1480 quae
1316 1411 1351 1466 ad
1364 1410 1472 1464 illorum
1482 1425 1561 1466 suam
1573 1413 1630 1465 rult
1642 1411 1765 1482 dirigere-

132 1498 255 1569 tclligaut
272 1498 306 1553 de
317 1497 413 1567 seipsis
431 1496 497 1551 illud
507 1494 711 1565 Psalmograpbi
724 1492 825 1548 dictum
838 1512 845 1547 :
856 1490 922 1562 Ope
970 1501 1063 1552 ultam.
1083 1498 1162 1554 lstius
1172 1514 1236 1570 ergo
1248 1500 1348 1569 regulae
1366 1514 1473 1563 norura,
1490 1500 1616 1554 omnibus
1628 1501 1761 1556 Christia-

131 1603 302 1643 ramaanum
314 1595 422 1639 tauram
436 1583 608 1638 mandacabis
623 1581 786 1647 sterteret,
806 1589 831 1634 et
858 1580 921 1634 tene
970 1589 1023 1654 uls,
1043 1588 1164 1659 ipsorum
1183 1588 1367 1658 apostolorum
1392 1587 1465 1643 lacta
1483 1598 1525 1643 est
1544 1589 1612 1643 nita.
1638 1587 1715 1645 Unde
1732 1599 1763 1645 et

130 1680 179 1737 tili
189 1682 238 1735 erit
251 1678 338 1752 (Ptol.
353 1677 465 1749 castrt).
480 1677 592 1733 Dicebat
603 1677 713 1749 quidem
728 1689 810 1732 senex
829 1691 837 1729 ι
854 1673 920 1728 Pro-
970 1677 1093 1746 sequitur
1109 1695 1115 1732 ε
1132 1676 1188 1747 luti
1212 1677 1281 1731 cuim
1304 1677 1379 1731 scitia
1399 1676 1620 1748 quemadmodum
1643 1687 1766 1748 opertam<

130 1780 224 1844 pterea
248 1785 303 1827 uon
325 1767 492 1839 proficimus,
521 1768 586 1839 quia
612 1767 749 1823 nescimus
775 1740 1016 1826 mensurastg
1032 1770 1133 1823 imitari
1147 1767 1313 1839 abellula).
1328 1768 1617 1834 desidicerettbuia
1631 1767 1689 1836 jam
1708 1768 1763 1825 lre·

130 1872 252 1929 uoeuas,
279 1876 367 1933 neque
378 1861 536 1932 patientiam
551 1857 720 1915 babemusia
743 1870 826 1926 opere
845 1853 918 1925 quod
970 1868 1086 1931 quanter
1098 1868 1125 1913 et
1145 1858 1237 1913 verbis
1256 1857 1333 1914 tobis
1345 1857 1521 1927 praediximus
1534 1866 1562 1913 et
1578 1858 1710 1930 exemplis
1719 1874 1763 1914 oe·

129 1940 299 2027 repetitum
316 1952 364 2008 sed
377 1952 436 2007 aine
457 1950 549 2005 labore
563 1949 653 2018 aliquo
674 1943 921 2002 virtutesvolumus
972 1949 1117 2014 tendimus,
1131 1949 1193 2003 ideo
1212 1956 1305 2003 notum
1327 1957 1369 2003 est
1388 1948 1465 2003 robis
1484 1950 1620 2018 quomodo
1639 1958 1762 2019 oporteat

129 2043 281 2115 possidere.
297 2039 409 2098 Dicebat
420 2032 514 2096 abbas'
523 2038 628 2103 Pastor,
652 2037 724 2109 quod
737 2035 821 2090 abbas
832 2033 919 2090 lsldo-
970 2052 1020 2093 ros
1036 2037 1137 2092 imitari
1149 2053 1208 2093 nos.
1226 2036 1355 2093 Libenter
1371 2047 1460 2092 umen
1472 2038 1553 2093 lacite
1575 2039 1646 2107 quod
1668 2039 1764 2093 borta-

131 2149 179 2191 rus
191 2133 325 2189 allocutus
339 2131 376 2186 sit
390 2129 535 2200 aliquando
549 2129 654 2199 plebem
670 2127 783 2181 fratrum
796 2123 890 2180 diceus
906 2142 913 2177 t
971 2146 1042 2197 mna,
1061 2131 1114 2185 aia
1132 2131 1210 2186 nobis
1226 2131 1356 2186 traditam
1376 2130 1439 2185 daei
1464 2130 1547 2185 uultis
1566 2139 1662 2185 nnete
1685 2145 1763 2201 nagn-

129 2220 251 2287 Fraues,
278 2219 400 2289 uunquid
419 2233 473 2273 non
494 2215 720 2272 adlaborandum
743 2214 867 2270 venimus
892 2214 920 2268 in
971 2219 1035 2274 lam.
1053 2220 1127 2274 Dixit
1149 2220 1260 2289 quidam
1274 2234 1358 2275 senex
1371 2238 1377 2273 :
1390 2219 1527 2290 Scriptum
1549 2228 1602 2286 est,
1623 2220 1717 2275 laetare
1732 2232 1761 2274 at

129 2314 220 2371 beuta
239 2312 334 2370 buno?
360 2311 394 2366 Et
403 2326 475 2366 nunc
487 2309 566 2363 tideo
589 2308 652 2377 qnia
671 2307 760 2361 nullus
783 2305 828 2360 bic
844 2305 921 2360 labor
970 2310 1058 2382 palma
1070 2311 1174 2381 florebit
1193 2310 1279 2382 (Paul.
1301 2311 1366 2383 xer).
1386 2310 1526 2381 Significat
1542 2320 1632 2366 auant
1646 2312 1760 2368 bicser·

130 2414 182 2465 est.
204 2404 262 2477 Dgo
281 2403 375 2474 igitur,
389 2402 500 2456 dimissa
514 2398 601 2467 plebe,
620 2397 689 2452 rado
706 2397 751 2450 ubi
771 2404 814 2450 est
832 2395 919 2461 labor,
971 2414 1016 2455 uto
1027 2399 1128 2454 bonum
1143 2408 1243 2465 actura,
1257 2399 1352 2465 altum,
1365 2406 1393 2454 et
1408 2408 1523 2463 rectum,
1534 2408 1562 2454 et
1573 2400 1690 2459 dulcem.
1710 2400 1758 2457 Est

129 2495 216 2555 stubi
230 2508 286 2550 non
298 2491 406 2547 invenio
421 2489 551 2560 requiem.
573 2486 722 2555 Quendam
736 2499 827 2539 senem
839 2499 919 2554 roga·
970 2486 1043 2542 enim
1057 2488 1084 2541 in
1095 2488 1185 2559 palma
1196 2504 1280 2543 unum
1291 2488 1439 2543 incardium
1457 2496 1485 2544 et
1499 2489 1586 2558 ipsum
1601 2490 1759 2555 candidum,

129 2586 196 2643 bam
218 2583 316 2640 iratres
328 2592 357 2636 ut
371 2582 549 2652 quiescereta
565 2578 639 2650 grati
651 2576 752 2642 labore,
772 2575 816 2630 ille
830 2584 919 2629 autent
970 2592 1078 2633 omnem
1093 2578 1197 2634 babens
1219 2580 1403 2649 operationem
1419 2580 1446 2635 in
1463 2595 1501 2635 se.
1524 2580 1657 2637 Similiter
1670 2591 1760 2637 autem

130 2672 272 2747 respondit
289 2674 330 2729 eis
344 2671 474 2728 :Credite
497 2670 576 2734 mibi,
601 2666 660 2732 dlii,
689 2665 760 2736 quod
782 2664 918 2720 Abrabam
969 2673 998 2723 et
1009 2668 1038 2722 in
1052 2667 1192 2735 rirojusto
1210 2670 1343 2739 reperitur
1356 2684 1440 2724 uuum
1457 2671 1482 2724 ei
1494 2679 1521 2725 et
1540 2670 1656 2740 simplex
1671 2671 1766 2726 inesse

129 2763 284 2837 paenitebit,
310 2777 373 2817 cum
399 2759 496 2815 viderit
516 2773 613 2829 magna
639 2763 666 2811 et
688 2754 819 2825 praelata
849 2755 919 2809 dona
970 2772 1027 2821 oor,
1047 2759 1082 2813 ud
1101 2757 1186 2812 Deum
1202 2760 1388 2815 tantummodo
1405 2761 1564 2830 respiciens.
1597 2759 1646 2814 list
1669 2768 1761 2815 auum

130 2856 203 2921 Dei,
227 2854 299 2925 qnod
324 2852 440 2923 amplius
465 2866 519 2906 nou
545 2848 628 2905 inerit
648 2848 677 2903 iu
708 2846 845 2901 laboribus
871 2845 919 2901 de·
969 2855 999 2905 et
1022 2846 1124 2912 album,
1150 2848 1253 2903 babens
1276 2848 1503 2905 illuminationem
1526 2850 1600 2914 fidoi,
1625 2858 1654 2905 et
1672 2849 1761 2904 omnis

131 2954 262 3005 apuam,
969 2939 1092 3009 operatio
1105 2936 1172 3006 justi
1187 2939 1213 2993 in
1230 2940 1311 2995 eorde
1332 2940 1417 3009 ipsius
1430 2948 1481 2995 est.
1503 2938 1570 2994 llam
1592 2948 1619 2994 ct
1645 2954 1761 2993 acumen

412 3032 526 3090 caret
544 3028 661 3085 Lllllll.
972 3027 1142 3083 stimulorum
1163 3028 1222 3099 ejus
1236 3028 1366 3085 adversus
1383 3028 1520 3084 diabolum
1539 3037 1583 3084 est
1607 3041 1761 3099 propugna-

291 3122 430 3196 Dcreqala
446 3122 478 3177 ab
492 3120 616 3192 apostolis
642 3119 737 3188 potita.
932 3092 1073 3175 Gaulum.

166 3216 237 3273 ilinc
256 3212 502 3284 Paulusapostolus
516 3211 577 3265 ait:
598 3208 752 3280 Quicumque
762 3206 831 3259 tanc
843 3222 920 3275 regn·
1224 3195 1230 3205 '
1246 3188 1359 3246 CAPUT
1378 3186 1484 3246 LXXV·

129 3308 187 3367 ln
210 3308 292 3365 usati
317 3307 429 3377 (seman,
448 3319 501 3375 para
522 3317 600 3372 saper
618 3298 678 3353 illos
697 3308 721 3352 et
741 3296 919 3351 misericordia
1166 3277 1561 3350 U22'2'955‘1'1‘0‘³¹⁸¹¹‘''¹⁰'²‘¹⁶''¹'·

131 3396 205 3469 (ffl-
221 3397 272 3470 v¹)·
286 3390 606 3461 Doctrinanei‘1¹¹aedam
619 3387 710 3458 regula
721 3384 853 3442 sermonis
866 3392 919 3451 est,
1004 3391 1104 3447 Paulus
1122 3391 1259 3461 apostolus
1283 3405 1332 3445 uos
1346 3391 1473 3447 admonet
1486 3392 1581 3447 dicens
1596 3405 1605 3445 ε
1622 3391 1682 3447 Noa
1695 3392 1757 3448 der-

130 3503 193 3561 quae
206 3489 279 3543 inter
288 3486 361 3558 justa
375 3482 481 3552 iudicat
491 3489 519 3536 et
531 3480 631 3551 injusta
647 3496 654 3531 :
670 3491 752 3548 quant
771 3475 818 3545 qui
842 3490 920 3530 secu·
969 3483 1082 3537 mt'amas
1092 3482 1160 3535 aicttt
1169 3480 1267 3545 ceteri,
1279 3480 1324 3533 ted
1334 3480 1469 3550 vigilemus
1479 3480 1505 3551 (Ι
1518 3481 1606 3536 laen.
1615 3480 1654 3553 v).
1666 3482 1695 3537 ld
1706 3492 1757 3544 est,

117 3584 176 3631 uu
195 3572 286 3639 tuear,
311 3571 421 3628 babebit
437 3569 572 3640 panentu
591 3567 745 3636 nuncupa,
763 3580 824 3635 qna
839 3578 919 3619 exsa·
969 3584 1023 3626 nou
1038 3569 1204 3626 dormiamus
1217 3568 1288 3623 sicut
1299 3568 1389 3623 carent
1401 3568 1533 3633 infideles,
1545 3568 1647 3637 intusa,
1661 3570 1759 3640 tarqui,

130 3672 212 3737 perat
223 3678 332 3720 omnem
344 3676 466 3725 sensum,
477 3668 505 3714 et
518 3664 580 3728 post
600 3670 694 3726 pacem
706 3652 921 3710 misericordiam
968 3661 1015 3731 qui
1042 3659 1201 3730 ignor-entim
1212 3667 1240 3713 at
1254 3658 1375 3729 eorporis
1391 3673 1487 3713 somno
1498 3657 1629 3729 depressi,
1650 3669 1678 3714 οι
1691 3675 1757 3730 pec.

131 3762 323 3823 maeequetur.
349 3750 425 3806 Nora
445 3755 570 3804 creatura
584 3756 625 3801 est
636 3743 774 3816 generatio
787 3741 920 3798 Christia-
969 3758 1091 3807 cerarum
1116 3763 1227 3805 suarum
1237 3749 1307 3804 male
1329 3743 1445 3817 grauari,
1460 3749 1525 3819 quid
1550 3748 1603 3804 iltis
1625 3750 1652 3805 ῑῃ
1666 3749 1758 3806 tutum

132 3860 178 3913 aa,
198 3845 263 3916 quia
274 3843 399 3900 Christus
414 3857 499 3897 novus
513 3842 594 3896 home
606 3826 681 3894 teuit
692 3837 719 3892 in
735 3836 872 3899 mundum,
892 3842 920 3892 el
969 3843 1077 3899 eveniat
1092 3843 1241 3912 praevidere
1255 3855 1308 3896 non
1322 3841 1423 3896 valent.
1444 3841 1496 3909 Qui
1508 3849 1561 3897 mm
1572 3841 1691 3912 grauiter
1703 3850 1761 3897 tur-

130 3950 203 3993 nova
215 3943 351 4007 precepta
368 3933 440 3989 dedit
461 3930 574 3996 mundo,
600 3937 628 3984 et
648 3944 729 3999 super
746 3927 920 3985 observantes
968 3933 1249 4006 piterquedormiunt,
1278 3939 1308 3987 ut
1320 3933 1405 3987 adsui
1425 3932 1576 3988 custodiam
1590 3932 1681 3987 cordis
1692 3946 1755 3987 ocu·

130 4039 233 4096 “1²²¹
256 4031 283 4079 0²
304 4021 499 4078 miseritffl'diffi
522 4020 591 4075 Ῑῑθῐῦ
611 4019 670 4090 59⁸0
691 4018 836 4088 AD⁰S¹0¹¹¹S
859 4019 918 4073 ³122
968 4026 1009 4083 lot
1027 4040 1081 4080 non
1103 4023 1244 4094 aperiant;
1261 4021 1307 4092 qui
1330 4022 1396 4076 nibil
1420 4022 1453 4075 de
1477 4020 1568 4075 lutura
1585 4020 1681 4091 gloria,
1709 4023 1759 4076 sed

135 4112 369 4171 temtamina
383 4109 918 4183 «praeparamentumtaemenptamne,
969 4128 1075 4184 semper
1092 4111 1127 4166 de
1142 4110 1270 4182 prasenti
1293 4110 1413 4180 antina
1435 4110 1501 4162 nita.
1522 4106 1579 4161 don
1593 4108 1671 4163 deris
1695 4124 1757 4177 qna

130 4212 156 4260 et
169 4203 300 4259 iraeadem
319 4217 518 4273 permaneamus
534 4198 624 4270 requla
637 4196 749 4273 (Philip.
761 4198 813 4269 tlt),
825 4199 853 4253 id
866 4205 920 4263 est,
968 4217 1022 4259 uon
1039 4201 1164 4257 ridentur
1177 4208 1205 4254 et
1218 4207 1319 4255 aeterna
1333 4206 1409 4264 sunt,
1434 4199 1481 4254 sed
1494 4211 1602 4268 semper
1616 4197 1650 4254 de
1662 4199 1696 4254 iis
1712 4213 1760 4255 co-

132 4302 164 4351 ιιι
185 4294 213 4349 in
233 4290 385 4347 ministerio
403 4288 466 4344 lldei
480 4302 695 4358 permaneamus,
711 4287 746 4342 ad
759 4286 832 4356 duod
843 4284 919 4340 Chri·
970 4293 1059 4361 gitaut
1073 4305 1141 4361 quae
1152 4290 1289 4356 ridentur,
1310 4290 1449 4345 etcaduca
1462 4298 1490 4345 et
1512 4291 1672 4359 temporalia
1684 4298 1760 4346 suut.

131 4390 175 4439 sto
186 4379 495 4449 tmutepertenimua
512 4386 540 4432 et
558 4377 626 4431 nillil
636 4384 713 4432 extre
727 4376 826 4449 rettulae
838 4375 920 4431 disci·
968 4382 1024 4438 llos
1035 4380 1320 4438 autemnonsicutilli
1333 4380 1509 4446 dormiamus,
1526 4381 1574 4435 sed
1606 4382 1759 4452 vigilemus.

131 4472 234 4543 plluam
244 4472 273 4527 iu
286 4469 492 4526 conversatione
504 4468 567 4524 lldei
579 4469 729 4539 sapiamus,
744 4469 792 4524 sed
808 4469 859 4524 boc
872 4483 918 4523 sa·
969 4471 1039 4527 lline
1053 4485 1102 4526 uos
1113 4477 1142 4524 et
1162 4468 1268 4526 blareus
1283 4468 1448 4539 evangelista
1470 4469 1615 4525 salubriter
1634 4473 1763 4527 admonet

132 4562 240 4635 piamus
262 4561 333 4631 quod
346 4575 489 4616 commune
501 4561 537 4616 sit
557 4569 585 4616 ει
596 4562 758 4627 modestum,
784 4562 812 4616 in
835 4576 918 4616 evau-
969 4561 1062 4617 dicens
1079 4579 1086 4615 :
1105 4558 1216 4630 Viqilate
1231 4575 1304 4629 ergo,
1315 4558 1378 4629 qaia
1397 4560 1501 4613 micitia
1513 4559 1619 4631 quaudo
1633 4561 1761 4617 Doatiunt

131 4654 220 4725 gelica
235 4653 349 4708 veritate
369 4661 397 4707 et
410 4653 437 4707 in
451 4653 547 4708 eadent
569 4652 630 4708 adet
648 4653 740 4724 regula
759 4669 921 4723 permanea·
969 4651 1065 4708 teniat.
1077 4650 1296 4706 lllecttmoeaert't
1308 4659 1419 4721 repente,
1431 4651 1544 4706 inueniat
1563 4668 1606 4706 aot
1627 4652 1761 4707 dormien-

133 4756 206 4797 utus.
230 4738 334 4811 Regula
353 4741 406 4796 buc
422 4740 450 4794 in
473 4740 532 4795 loeo
555 4741 622 4797 ddes
642 4750 755 4796 nocatm
770 4741 919 4798 catholiea.
972 4752 1009 4798 tea
1035 4740 1133 4813 (liare.
1155 4741 1233 4811 xrrrl.
1253 4739 1330 4799 Beati
1352 4741 1420 4795 acroi
1432 4739 1482 4807 illi,
1501 4756 1566 4811 quos
1585 4758 1644 4795 cam
1665 4742 1761 4795 uenerit

132 4828 239 4902 Regula
260 4844 326 4885 tero
338 4829 373 4884 ab
382 4844 415 4885 eo
432 4831 504 4899 quod
519 4838 592 4885 reete
607 4831 697 4891 ducat,
724 4839 752 4886 et
762 4840 835 4886 recte
846 4841 922 4904 regat
972 4830 1112 4896 Dominae,
1123 4829 1249 4885 inuenerit
1263 4828 1400 4900 oiqilatttee
1413 4828 1489 4901 (Lac.
1499 4827 1557 4900 art).
1571 4828 1669 4900 Vigilat
1678 4830 1762 4895 enine,

133 4928 178 4977 est
194 4921 276 4976 dicta.
300 4919 377 4977 Unde
387 4928 415 4976 et
425 4920 469 4974 illa
493 4921 602 4974 Patruru
617 4921 752 4987 instituta,
776 4929 921 4990 quarente
974 4923 1020 4992 qui
1033 4922 1215 4991 adaspectum
1242 4920 1299 4976 veri
1321 4920 1535 4976 luminisoculos
1557 4930 1667 4991 apertos
1679 4928 1761 4977 tenet.

133 5012 229 5069 rivere
250 5012 417 5068 Catbolicam
440 5011 538 5068 docent
559 5011 708 5067 Ecclesiam
732 5026 849 5068 canones
874 5028 923 5069 ro-
973 5011 1081 5085 l'igilat,
1095 5012 1140 5081 qui
1151 5008 1463 5079 serrataperandoquod
1472 5011 1567 5066 credit.
1580 5011 1692 5082 Vigilat,
1708 5011 1755 5080 qui

133 5108 242 5157 cantur.
265 5098 358 5155 Canon
378 5109 467 5155 autem
484 5098 586 5165 Graece,
598 5099 693 5154 latine
707 5100 800 5171 regula
810 5101 920 5156 dicitur.
974 5117 990 5157 a
1006 5117 1036 5158 se
1046 5100 1167 5172 eorporis
1182 5106 1211 5155 et
1228 5098 1398 5169 negligentia
1415 5100 1542 5155 tenebras
1561 5100 1676 5170 repellit.
1691 5099 1762 5154 ilinc

134 5188 206 5247 mna
215 5196 244 5244 et
257 5188 322 5244 abbi
337 5188 437 5244 Paulus
459 5188 497 5244 ait
511 5208 517 5242 :
531 5189 722 5244 Deauatiamaa
735 5199 821 5245 autem
839 5191 921 5257 tobis,
974 5199 1003 5246 et
1012 5191 1075 5245 alibi
1086 5188 1156 5245 idem
1168 5190 1206 5244 ait
1221 5187 1375 5258 apostolus:
1392 5187 1452 5244 Siue
1467 5189 1615 5259 vigilemus,
1629 5191 1681 5247 aitte
1694 5190 1758 5245 dar·

134 5278 245 5351 fratrea,
270 5277 298 5333 ia
320 5278 424 5333 nomiae
445 5278 552 5332 Domini
574 5280 656 5332 austri
675 5279 739 5333 Jera
764 5276 873 5346 Christi,
894 5291 923 5335 at
973 5282 1096 5346 mirmur,
1116 5278 1265 5334 eimalcttm
1275 5277 1379 5333 Christo
1399 5280 1515 5335 uiuamus
1530 5278 1554 5352 (1
1570 5281 1660 5335 Tiasa.
1676 5280 1714 5350 ι).
1729 5279 1760 5334 ld

135 5369 298 5427 subtrahatis
317 5386 360 5424 aaa
377 5368 410 5422 ab
427 5370 496 5424 omni
508 5368 590 5438 {rutra
604 5368 717 5440 inquiete
737 5369 887 5425 ambulante
898 5380 922 5425 et
971 5377 1023 5435 est,
1036 5369 1093 5424 sine
1107 5367 1247 5439 vigilemus
1260 5368 1294 5423 ad
1307 5369 1457 5425 custodiam
1470 5377 1569 5426 nostrae
1584 5369 1688 5435 salutis,
1699 5367 1759 5423 sire

135 5462 288 5519 inordinate
301 5459 344 5533 (ll
368 5460 458 5515 Tatta.
477 5460 530 5529 ιιι).
555 5459 608 5514 lsta
622 5458 790 5515 denuntiatio
809 5468 923 5514 nonest
971 5459 1135 5515 dormiamus
1146 5473 1161 5512 a
1174 5459 1277 5516 nocivis
1296 5460 1376 5530 hujus
1394 5462 1484 5518 saculi
1500 5461 1583 5525 curis,
1600 5458 1680 5514 amnt
1694 5474 1757 5515 cum

135 5550 173 5607 ab
186 5547 356 5605 auditoribus
367 5549 593 5621 parvipendenda,
609 5548 673 5618 quia
683 5547 765 5618 regali
778 5559 820 5603 est
831 5557 924 5605 aucto-
971 5548 1018 5603 illo
1032 5548 1163 5614 tiramus,
1175 5549 1202 5604 id
1215 5559 1267 5616 est,
1276 5565 1382 5620 sempter
1393 5551 1420 5605 in
1439 5550 1545 5606 Christo
1555 5555 1583 5602 et
1596 5563 1659 5603 cum
1684 5546 1761 5603 Clari·

136 5640 222 5700 ritate
236 5638 342 5706 fulcita
360 5640 467 5706 quando
481 5640 508 5695 in
520 5639 627 5695 nominc
649 5637 753 5693 Domini
779 5638 863 5693 nostri
880 5637 924 5694 lc·
972 5646 1015 5694 sto
1032 5638 1117 5695 simus
1134 5641 1200 5711 :qui
1210 5657 1258 5712 pro
1276 5640 1350 5695 aobit
1366 5648 1483 5693 mortam
1506 5646 1554 5698 eat,
1567 5646 1591 5693 et
1615 5638 1758 5695 rmsrreait
