3794 6120
128 233 183 291 sat

551 223 809 283 contentiosas
823 222 861 280 *itt
876 220 1069 279 tibistutns
1081 220 1131 275 'ct
1150 218 1353 274 suadentis.

1703 217 1755 278 tiit

125 344 250 402 tamenta
265 341 436 406 mensuarit,
457 339 507 396 sed
522 341 551 395 in
567 340 677 395 civitate
691 338 862 409 postmodum
877 338 916 390 ia·
930 341 954 396 ,i
1003 333 1056 404 (iis
1073 333 1195 403 duplari.)
1215 332 1264 385 iiic
1278 331 1405 385 discimus
1419 345 1480 384 cum
1493 331 1550 386 suis
1564 330 1703 400 discipulis
1712 333 1757 404 iu-

125 435 222 494 eienda
238 432 411 503 praemonuit,
434 439 464 485 ut
487 437 562 486 tanto
575 438 638 501 post
655 430 684 486 in
705 429 783 485 bonis
803 427 916 483 solidius

127 537 224 594 staret,
238 535 340 599 quanto
362 528 436 597 prius
454 525 575 582 lunditus
596 541 733 582 eversusa
747 524 861 593 pristino
875 539 918 579 er-

126 634 189 674 rore
199 619 353 674 occidisset.

163 709 268 782 Apertir
287 709 368 764 oculis
390 708 457 763 nibil
484 709 595 773 sitiebat,
619 716 644 764 et
669 708 718 763 rel.
744 707 918 776 Nequaquam

127 804 262 873 potuisset
283 802 353 856 bene
376 816 470 855 mrsus
489 800 591 865 videre,
607 799 659 853 nisi
681 800 755 868 prins
769 804 920 853 excecatus

125 892 233 948 luisset.
248 890 320 945 Bene
331 891 467 960 propriam
480 889 650 958 sapientiam,
663 903 723 958 quse
733 889 918 957 perturbatur,

127 980 287 1043 excludens,
299 978 361 1032 ltdei
375 992 483 1047 semper
493 984 593 1032 curreta
609 975 801 1035 committeret.

163 1070 266 1127 Eterat
285 1069 368 1132 tribas
380 1068 470 1122 dicias
486 1084 537 1122 aon
557 1067 655 1132 tidem,
670 1073 723 1120 cte.
740 1065 808 1132 Quia
829 1065 920 1120 Domi-

123 1179 194 1218 num
208 1178 263 1218 non
284 1160 435 1215 crediderat
458 1160 539 1214 tertia
558 1159 603 1215 die
623 1168 739 1213 mortem
756 1155 919 1227 resurgendo

127 1254 237 1317 vicisse,
258 1267 308 1308 suo
327 1251 384 1321 jam
408 1251 551 1305 instruitur
573 1249 705 1318 exemplo,
726 1248 772 1317 qui
795 1246 920 1303 tenebras

128 1345 280 1406 triduanas,
292 1342 351 1396 lucc
364 1357 483 1406 reuersa,
499 1348 625 1401 mutaret.

164 1432 222 1503 Epo
242 1433 312 1487 enim
328 1431 463 1491 utiendum
484 1429 534 1495 illi,
555 1440 653 1500 quarata
666 1438 781 1499 oporteat
803 1445 860 1482 eunt
873 1444 919 1497 pro

128 1524 233 1578 nemine
249 1511 306 1578 meir
320 1523 386 1592 pati,
408 1530 435 1577 et
456 1522 504 1576 rei.
521 1521 578 1576 Non
598 1521 687 1585 debet,
704 1522 801 1589 inquit,
825 1521 921 1573 timere

127 1614 204 1685 quasi
226 1621 392 1683 persecutor,
408 1614 455 1668 sed
474 1613 563 1682 potius
585 1612 663 1680 quasi
688 1611 770 1664 irater
785 1610 918 1680 amplecti,

964 426 1119 483 ‚dicatumm
1144 423 1245 478 lesum.
1271 422 1345 479 Unde
1368 431 1396 476 et
1420 421 1482 476 aiibi
1506 419 1606 476 ludaeis
1621 422 1707 477 disit:
1725 422 1756 480 st

969 536 1029 589 erpo
1042 519 1068 578 ia
1082 516 1223 571 Beelzebub
1242 516 1319 586 ejicio
1340 515 1481 579 damonia,
1501 514 1644 583 pritesen·
1663 516 1690 567 in
1705 533 1756 584 quo

968 609 1077 678 ejiciant
1090 609 1101 660 i
1115 605 1172 660 ideo
1192 608 1241 677 ipsi
1259 606 1362 675 jndices
1376 605 1454 658 uestri
1471 615 1547 658 erunt
1566 605 1755 677 (dioninsii).

969 700 1025 755 Nec
1038 701 1165 772 quoniam
1190 714 1271 767 super
1293 697 1434 752 duodecim
1450 697 1527 751 sedes
1543 712 1667 752 sessuros
1685 712 1757 763 esso,

969 803 1017 848 aut
1041 793 1182 848 duodecim
1201 792 1273 847 solos
1292 791 1415 845 immines
1433 807 1495 845 cum
1519 790 1565 846 iilo
1587 790 1759 861 judicaturos

969 896 1065 958 putare
1079 887 1247 945 deberemus.
1269 884 1438 941 Duodcnario
1452 885 1550 955 quippe
1572 902 1684 942 numero
1698 889 1756 945 uni·

969 993 1048 1034 tersa
1061 976 1183 1047 quedam
1198 975 1347 1046 significata
1360 983 1401 1030 est
1412 974 1590 1043 judicantium
1604 976 1755 1044 multitudo,

970 1079 1080 1140 propter
1103 1069 1169 1124 duas
1192 1078 1284 1137 partes
1317 1067 1482 1136 septenarii,
1511 1083 1564 1135 quo
1589 1068 1757 1138 significatur

968 1160 1127 1235 pierumque
1139 1159 1310 1223 unirersitas,
1325 1172 1385 1227 quae
1398 1159 1456 1213 duan
1479 1168 1581 1228 partes,
1599 1160 1688 1226 idest,
1704 1162 1755 1215 tria

969 1261 1125 1322 aequamur,
1147 1249 1232 1303 altem
1254 1264 1302 1317 per
1320 1247 1431 1302 alteram
1450 1257 1554 1316 partem
1575 1249 1757 1321 nruitipiicata

972 1345 1110 1399 duodecim
1122 1342 1231 1396 iaciunt.
1245 1340 1311 1394 Nam
1322 1348 1348 1393 et
1361 1336 1476 1409 quatuor
1488 1348 1539 1405 ter,
1558 1349 1585 1395 et
1600 1341 1650 1394 tria
1661 1351 1758 1411 quater

970 1435 1111 1491 duodecim
1136 1440 1208 1489 sucat.
1229 1431 1354 1498 Alioquin
1376 1431 1502 1498 quoniam
1523 1432 1550 1484 in
1576 1431 1663 1485 iocum
1683 1431 1757 1488 lutiae

971 1525 1109 1580 traditoris
1133 1522 1284 1592 apostolam
1306 1520 1433 1574 Matinium
1457 1520 1571 1590 legimus
1591 1522 1755 1589 ordinatum,

972 1616 1109 1688 apostolus
1130 1613 1239 1679 Paulus,
1260 1613 1306 1683 qui
1329 1613 1388 1682 plus
1401 1611 1454 1667 titis
1475 1614 1601 1668 omnibus
1615 1614 1757 1682 laborarit,

128 1702 191 1772 quia
203 1703 310 1757 diversa
324 1716 383 1771 quae
398 1701 499 1757 sanctis
509 1701 638 1755 intulerat
650 1708 789 1768 promptus
803 1709 845 1755 est
860 1716 920 1760 sus·
934 1704 958 1775 B
972 1707 1017 1760 ubi
1028 1705 1061 1759 ad
1072 1704 1246 1774 judicandum
1261 1703 1354 1757 sedeat
1366 1717 1419 1756 non
1441 1703 1559 1768 babebit,
1574 1706 1620 1773 qui
1641 1705 1759 1775 prolecto

129 1793 215 1848 tinere
227 1808 290 1847 cum
303 1793 413 1850 sanetis.

163 1883 199 1939 Εἰ
223 1884 361 1953 confestim
383 1882 532 1936 ceciderant
560 1884 592 1937 ab
610 1882 691 1937 oculis
711 1883 769 1952 ejas
795 1891 921 1952 tanquam

127 1989 256 2043 squama,
274 1982 326 2027 etc.
342 1972 473 2033 Draconis
486 1987 566 2027 omne
578 1988 677 2043 corpus
691 1972 790 2026 dicitur
801 1973 921 2043 squamis

128 2077 189 2118 esse
203 2071 370 2124 contextum.
385 2062 453 2129 Quia
468 2077 532 2134 crgo
551 2060 635 2119 iudei
650 2071 790 2131 serpentes
805 2070 832 2117 ct
844 2064 919 2133 geui-

130 2155 201 2210 mina
216 2164 280 2210 sum
292 2155 445 2224 riperarum
463 2154 562 2219 iocati,
580 2154 642 2222 quia
660 2153 765 2207 iliorum
777 2154 920 2228 perfidiam

129 2246 294 2310 sectabatur,
316 2246 394 2314 quasi
415 2245 483 2314 pelle
496 2245 649 2314 serpentina
669 2244 762 2299 oculas
774 2247 863 2301 cordis
874 2248 921 2302 ob-

131 2345 244 2400 texerat,
259 2336 307 2390 sed
328 2337 486 2390 cadentibus
504 2337 554 2390 sub
575 2352 656 2389 manu
677 2336 789 2392 Arsaniae
810 2337 845 2392 ab
863 2338 921 2409 ejus

130 2427 215 2481 oculis
238 2429 369 2497 squamis,
393 2435 560 2480 monstratur
584 2427 611 2480 in
628 2424 706 2490 lacic,
732 2428 804 2495 quod
827 2443 920 2481 verum

129 2519 220 2576 iumen
228 2519 284 2589 jam
300 2519 396 2589 recipit
407 2519 434 2573 in
449 2530 550 2574 mente.

285 2626 457 2673 sarsenates
475 2625 613 2675 narrant,
634 2625 693 2664 cae.
707 2626 763 2672 stt.

166 2719 176 2752 r
197 2701 273 2755 Tunc
288 2702 454 2770 respondens
467 2700 571 2765 Petrus,
583 2701 651 2755 dixit
664 2701 689 2754 ei
703 2719 708 2754 :
732 2701 801 2755 Ecce
816 2717 865 2757 nos
879 2719 921 2758 re-

133 2789 287 2861 rliquimus
300 2790 402 2853 anania,
425 2799 452 2844 ct
478 2789 563 2844 secuti
585 2803 678 2842 sumus
693 2797 743 2842 te:
770 2790 835 2857 quid
855 2806 921 2861 ergo

971 1812 1032 1851 curn
1056 1796 1116 1857 aliis
1138 1795 1239 1849 sanctis
1261 1793 1295 1846 ad
1318 1808 1459 1846 numerum
1480 1792 1600 1862 judicum
1624 1810 1653 1849 sc
1675 1798 1758 1865 perti-

971 1905 1036 1944 nere
1048 1889 1215 1942 demonstrat
1228 1900 1289 1939 cum
1304 1884 1383 1938 dicit:
1404 1883 1516 1936 Nescitis
1526 1885 1588 1954 pain
1598 1885 1703 1953 angelos
1713 1887 1759 1959 ju-

971 1980 1114 2034 dicabimus
1137 1976 1162 2049 (i
1180 1973 1242 2030 Cor.
1256 1975 1305 2046 tr),
1320 1972 1429 2042 deipsis
1443 1988 1548 2042 qunque
1563 1972 1715 2040 judicandis
1731 1977 1758 2030 iu

970 2074 1022 2128 icoc
1036 2083 1148 2125 numero
1160 2066 1324 2122 duodenaria
1339 2065 1435 2130 similis
1445 2081 1525 2120 causa
1540 2076 1591 2121 est.
1607 2066 1665 2122 Non
1688 2070 1759 2124 enim

971 2163 1034 2233 quia
1049 2162 1217 2225 dictumest,
1239 2159 1386 2227 iudicantes
1407 2157 1544 2218 (duodecim
1565 2159 1648 2212 tribas
1663 2159 1758 2222 lsrael,

971 2251 1058 2306 tribus
1071 2248 1145 2314 Leti,
1166 2264 1226 2318 quae
1244 2247 1323 2303 tertia
1344 2247 1448 2303 decima
1460 2257 1502 2302 cst
1515 2250 1549 2302 ab
1563 2250 1603 2305 cis
1614 2248 1760 2321 judicanda

971 2343 1150 2405 aduentant
1161 2339 1331 2395 solumiilnm
1343 2338 1481 2409 populum,
1493 2354 1546 2395 tion
1560 2352 1761 2411 cumengentes

970 2442 1083 2490 ceteras
1104 2432 1274 2502 judicabunt.
1301 2430 1378 2496 Quod
1404 2438 1496 2484 autem
1513 2431 1560 2496 ait,
1585 2432 1611 2484 ia
1626 2448 1761 2501 repenera·

970 2534 1049 2589 trane,
1068 2524 1161 2595 procul
1183 2523 1263 2577 dubio
1289 2529 1458 2579 mortuorum
1473 2525 1699 2581 resurrectionem
1716 2541 1761 2580 no·

971 2618 1043 2672 mine
1057 2615 1142 2670 ualuit
1162 2613 1375 2684 regenerationis
1398 2613 1519 2682 intelligi,
1545 2615 1584 2669 sic
1603 2617 1674 2670 enim
1697 2633 1761 2672 caro

971 2717 1061 2763 nostra
1079 2705 1282 2775 regenerabitur
1302 2720 1350 2773 per
1368 2704 1609 2774 incorruptionem,
1632 2709 1761 2774 quemad·

972 2800 1080 2854 modum
1095 2806 1137 2852 cst
1147 2798 1236 2852 aalma
1250 2803 1344 2850 nostra
1355 2804 1513 2864 regenerata
1528 2797 1676 2863 persidem.
1691 2799 1761 2864 Quid

133 2899 144 2933 r
160 2880 213 2935 etit
225 2879 325 2934 uobis?
338 2878 418 2952 iesus
428 2886 518 2933 autem
533 2877 600 2931 dixit
614 2876 685 2932 illis:
701 2876 786 2932 Amen
802 2878 863 2933 dico
874 2893 922 2934 ro·
971 2907 1036 2962 ergo
1050 2891 1084 2945 de
1104 2889 1187 2945 paulo
1210 2887 1351 2942 dicemus?
1376 2886 1501 2957 Nunquiq
1525 2890 1619 2944 carptus
1641 2889 1761 2945 decimu,

133 2989 144 3024 1
157 2970 212 3036 1111,
227 2970 299 3040 1111011
313 2984 361 3024 105
384 2970 429 3038 11111
440 2969 524 3024 secuti
535 2968 601 3023 15115
612 2983 655 3022 11111
667 2968 694 3021 111
706 2969 919 3040 11161111110111,
969 2979 1120 3052 judicabit?
1138 2976 1277 3050 Quomodo
1290 2975 1325 3031 'in
1339 2983 1447 3033 centum
1465 2978 1658 3047 quinquaginta
1675 2980 1762 3036 tribus

133 3080 144 3116 1
159 3078 222 3120 1111111
233 3062 334 3118 sedem
346 3060 416 3116 filius
431 3062 547 3116 1101111113
562 3061 588 3114 111
606 3061 670 3116 sede
690 3059 840 3129 1111115111ῑὲ
853 3077 919 3126 31111,
934 3049 956 3110 C
972 3072 1592 3143 piscibusingentemnumerumsanctorum,et
1602 3071 1629 3123 in
1642 3071 1761 3139 quinque

133 3171 143 3204 1
157 3153 287 3210 1111101111ῑὸ
304 3161 484 3220 8110581911
504 3153 582 3205 5111115
602 3151 753 3214 (1110116ῡί111,
768 3149 921 3219 dubitantis
972 3161 1122 3234 virginibus
1138 3157 1348 3214 innumerabiles
1359 3158 1486 3228 virginee,
1499 3161 1632 3228 quomodo
1648 3161 1675 3214 in
1686 3163 1764 3230 quic·

134 3244 304 3300 1111011811111
321 3242 507 3299 111515151301·
523 3242 711 3312 131011111Ῑὸ111
726 3242 923 3311 reliquerim&
973 3270 1025 3324 quc
1049 3253 1179 3307 iratribus
1204 3251 1275 3306 illius
1298 3250 1344 3321 qni
1370 3251 1546 3318 torquebatur
1570 3253 1640 3321 apud
1662 3253 1763 3311 inieras

134 3353 144 3384 r
158 3349 232 3389 raum
247 3331 289 3386 vel
302 3331 401 3386 iratres
416 3338 462 3384 aut
483 3344 601 3395 sorores,
615 3338 663 3382 aut
682 3337 788 3399 patrem
801 3337 848 3383 aut
861 3346 921 3385 ma-

134 3440 144 3475 r
166 3429 304 3477 tremant
327 3434 439 3474 risorem
462 3427 510 3474 aut
535 3418 605 3475 lilios
627 3426 674 3472 aut
699 3434 787 3488 agros,
813 3430 924 3490 propter

134 3532 144 3565 a
162 3526 259 3568 nomen
279 3526 379 3574 meum,
402 3507 556 3579 centuplum
571 3508 685 3578 accipiet
698 3517 726 3562 et
741 3509 823 3563 sitam
843 3517 923 3568 :eter-

135 3624 146 3656 ι
161 3618 224 3658 natu
235 3599 410 3671 possidebit.»

169 3690 242 3747 Tunc
253 3689 410 3760 respondens
422 3685 517 3742 Petrus
531 3688 598 3742 diali
612 3689 654 3743 ei:
682 3689 749 3744 Eece
763 3708 808 3745 tros
819 3692 924 3761 reliqni-

134 3802 190 3841 aaut
201 3785 290 3839 omnia
300 3791 323 3837 et
337 3782 418 3836 secati
442 3797 531 3834 curritis
542 3789 567 3833 te
584 3793 593 3830 :
616 3780 679 3851 qaid
692 3798 753 3852 erpo
767 3784 815 3835 erit
829 3783 925 3836 nobis?

134 3879 183 3951 (Es
203 3874 326 3946 ilieron.)
339 3872 455 3928 Grandis
476 3869 588 3925 fiducia!
601 3870 698 3927 Petrus
716 3873 835 3949 piscatur
854 3882 922 3934 erat,

135 3969 208 4024 dices
227 3983 281 4021 uon
302 3964 398 4028 inerat,
418 3962 492 4018 cibos
506 3977 587 4016 manu
611 3968 638 4015 ct
650 3971 708 4016 arte
730 3962 876 4032 quaerebat,
898 3972 926 4023 et

137 4069 224 4114 taurea
238 4057 357 4126 loquitur
370 4054 545 4116 ccnlrdentcr,
570 4051 720 4124 reliquimur
744 4056 842 4109 omnia.
861 4055 925 4111 Om-

136 4150 177 4204 nia
189 4149 262 4205 euim
277 4146 413 4216 relinquit,
428 4144 475 4213 qui
494 4143 659 4197 uoluntatem
682 4144 798 4198 habendi
812 4144 921 4200 deserit.

138 4236 188 4292 Sed
201 4237 265 4307 quia
280 4251 333 4290 uon
347 4233 445 4288 scilicit
458 4239 563 4286 tantum
576 4231 741 4310 relinquere,
750 4231 839 4303 jungit
853 4234 924 4302 quod

138 4330 282 4399 perlectum
296 4336 348 4393 cst,
364 4334 391 4381 ct
409 4324 495 4379 secuti
506 4339 598 4379 sumus
613 4330 650 4388 te,
665 4321 776 4379 lecimus
790 4323 860 4392 equod
868 4324 925 4396 jus·

137 4422 202 4486 sisti,
219 4420 284 4490 qnid
296 4418 377 4488 igitur
389 4414 464 4469 dabis
479 4412 604 4484 praemii?

168 4516 247 4571 ieras
260 4521 348 4566 antem
365 4510 432 4564 dixit
443 4507 516 4561 illia:
531 4507 612 4560 Amen
624 4506 682 4561 dico
695 4505 775 4569 notia,
788 4503 858 4575 qaod
871 4521 924 4570 cot,

134 4606 178 4673 qui
192 4604 274 4658 menti
285 4602 346 4656 estis
358 4617 397 4653 are
411 4601 438 4652 ira
452 4598 654 4668 regeneratione,
668 4613 726 4649 cam
741 4596 835 4650 sederit
844 4594 925 4649 Filias

132 4690 363 4757 destrimentum
376 4686 521 4756 majestatis
536 4701 603 4750 aaa,
624 4685 745 4740 sedebitis
765 4684 925 4754 supersedes

132 4778 274 4833 duodecim
285 4776 434 4845 judicantes
449 4773 585 4827 duodecim
599 4772 681 4827 tribas
697 4771 792 4826 israel.
816 4772 874 4826 Non
886 4772 927 4826 dt-

130 4869 186 4933 xit,
201 4867 248 4937 qui
262 4865 408 4934 reliquistis
418 4862 520 4925 omnia,
535 4862 585 4915 hoc
601 4862 673 4916 enirn
687 4870 714 4916 et
727 4860 853 4916 Socrates
863 4861 927 4916 lecit

130 4956 323 5026 philosophus,
348 4962 375 5007 et
399 4952 476 5010 multi
496 4949 541 5004 aiii
556 4949 665 5005 diritius
684 4959 926 5021 contetrrpserunt:

130 5045 251 5115 sed‚qai
274 5043 355 5098 secati
375 5043 435 5095 estis
456 5058 507 5106 me,
524 5040 596 5114 quod
618 5041 725 5114 proprie
746 5041 926 5113 apostulorum

131 5144 177 5189 est
196 5143 278 5202 atquc
292 5131 470 5195 credentium,
486 5131 513 5183 in
529 5132 732 5200 regeneratione
752 5147 813 5184 cum
828 5131 929 5186 sederit

134 5224 208 5279 itlius
230 5223 348 5279 bominis
371 5223 397 5277 in
422 5223 484 5278 sede
511 5223 736 5293 tuajcstatissuae,
763 5223 870 5291 cquando
895 5238 928 5277 ct

137 5314 254 5368 mortuis
267 5312 300 5366 dc
315 5310 487 5379 corruptione
509 5320 649 5381 resurgent
672 5311 831 5380 incorrupti,
854 5312 929 5369 sede-

139 5404 203 5458 bitis
229 5412 257 5457 ct
281 5416 330 5455 vos
357 5401 385 5454 iu
408 5400 482 5455 soliis
505 5399 694 5467 judicantium,
720 5402 929 5457 condemnantes

141 5492 281 5546 duodecim
295 5490 381 5544 tribus
402 5488 494 5554 lsrael,
510 5489 573 5560 cqrria
587 5488 662 5545 robis
684 5490 855 5550 credentibus
871 5504 928 5543 crc-

142 5583 204 5637 dere
217 5582 370 5637 noluerunt.

973 3345 1057 3400 miliia
1070 3343 1160 3414 pepuli
1181 3327 1334 3396 iudeorum
1350 3347 1377 3393 et
1397 3350 1500 3410 septem
1525 3343 1606 3398 miliia
1629 3344 1761 3409 virorum,

974 3434 1117 3505 dequibus
1133 3433 1196 3486 titis
1222 3431 1331 3494 dicitnr,
1350 3430 1433 3485 atiliia
1448 3431 1570 3496 arilliaat,
1593 3435 1632 3488 sic
1654 3436 1763 3506 induo-

975 3526 1060 3580 (lccim
1075 3523 1182 3577 sedibus
1198 3537 1250 3574 non
1275 3519 1413 3578 duodecim
1431 3520 1562 3583 hemines,
1584 3524 1632 3577 sed
1650 3540 1764 3593 nmgnus

975 3629 1104 3668 numerus
1129 3611 1321 3680 perlectorum.
1346 3607 1427 3663 Orbis
1449 3610 1520 3663 enim
1545 3619 1679 3666 terrarum
1698 3629 1763 3686 qua·

976 3714 1036 3760 tuor
1047 3704 1195 3774 designatis
1209 3705 1332 3772 partibus
1347 3703 1508 3758 continetur.
1525 3702 1565 3760 db
1581 3702 1623 3758 itis
1640 3705 1765 3761 ontraiitus

975 3796 1095 3867 partibus
1109 3805 1221 3852 uocatur
1237 3796 1264 3849 in
1289 3795 1419 3857 trinitate,
1439 3795 1567 3864 quoniam
1584 3805 1626 3850 ter
1640 3798 1764 3866 quaterni

975 3888 1116 3943 duodecim
1130 3887 1209 3951 stunt,
1223 3887 1370 3957 perlectum
1384 3902 1524 3940 numerum
1536 3888 1678 3958 significat.
1694 3890 1765 3944 liuo-

976 3979 1062 4033 decim
1077 3992 1142 4048 ergo
1156 3978 1242 4032 tribus
1255 3976 1346 4042 lsrael,
1363 3984 1435 4032 totus
1457 3978 1538 4049 lsrael
1562 3979 1703 4033 duodecim
1716 3981 1764 4034 tri·

975 4075 1026 4130 bns
1036 4083 1109 4138 strnt,
1126 4075 1195 4128 sicut
1205 4075 1278 4127 enim
1287 4071 1433 4140 judicaturi
1447 4086 1480 4124 cx
1493 4081 1549 4125 toto
1562 4072 1668 4135 mundo,
1685 4074 1726 4126 sle
1737 4081 1765 4127 ct

974 4168 1111 4238 judicandi
1128 4182 1160 4221 ex
1174 4174 1230 4220 toto
1243 4164 1341 4218 mundo
1354 4172 1445 4218 erunt.

1014 4297 1047 4350 Et
1059 4299 1141 4350 omnis
1155 4298 1199 4367 qai
1214 4295 1346 4365 reliquerit
1366 4296 1472 4349 damam
1496 4295 1533 4351 cel
1554 4296 1648 4367 [ratres
1662 4310 1707 4352 oat
1722 4315 1764 4352 ra·

938 4398 1047 4461 Drores
1061 4398 1218 4455 antipatrem
1239 4396 1285 4440 out
1307 4397 1415 4440 tnutrcm
1435 4398 1607 4442 antenorem
1631 4400 1675 4442 aut
1695 4390 1763 4459 filios

977 4493 1120 4550 arlagras,
1135 4488 1241 4549 propter
1255 4494 1347 4531 nonrert
1368 4494 1464 4542 meam,
1488 4477 1636 4549 centuplam
1656 4481 1764 4552 accipiet

976 4583 1000 4626 et
1012 4573 1089 4626 eitam
1101 4581 1226 4623 aternam
1238 4568 1386 4638 possidebit.
1400 4568 1448 4639 (Er
1461 4567 1555 4638 Beda.)
1570 4568 1671 4626 Sensus
1685 4573 1766 4642 igitur

978 4664 1028 4718 istc
1043 4672 1104 4716 est:
1122 4659 1172 4726 Qui
1192 4667 1302 4729 propter
1326 4658 1500 4728 Et'angclittm
1524 4657 1623 4714 Citristi
1643 4663 1764 4717 carnalia

978 4753 1125 4824 reliquerit,
1151 4751 1283 4821 spiritalia
1303 4751 1372 4805 bona
1397 4751 1517 4820 recipiet,
1542 4766 1600 4818 qum
1628 4768 1767 4824 compara-

978 4846 1051 4901 tione
1071 4852 1099 4898 ct
1112 4845 1210 4898 meritc
1235 4843 1275 4902 sui
1300 4843 1336 4896 ita
1351 4852 1439 4906 erunt,
1460 4842 1537 4910 quasi
1554 4859 1639 4912 parm
1653 4861 1766 4899 nurnern

980 4936 1151 4991 centenarius
1170 4951 1298 4990 numerus
1321 4943 1502 5001 cotrtparctur,
1526 4935 1588 5001 quia
1607 4935 1763 4989 nitniruutn

980 5025 1108 5079 iratribus
1124 5034 1204 5094 atque
1217 5023 1387 5077 consortibus
1399 5021 1530 5092 propositi
1546 5022 1600 5083 sui,
1615 5023 1660 5092 qui
1675 5024 1699 5077 ci
1713 5023 1767 5092 spi-

980 5117 1069 5172 rituali
1083 5116 1186 5186 glutino
1198 5115 1371 5184 colligantur,
1396 5113 1480 5166 multo
1493 5114 1595 5183 gratior
1612 5123 1664 5179 cst,
1686 5113 1765 5168 etiam

979 5219 1007 5262 et
1018 5209 1044 5261 in
1058 5207 1173 5261 haesita
1186 5204 1268 5273 recipi
1283 5213 1309 5257 et
1319 5203 1495 5268 clraritatcm;
1509 5203 1567 5273 lege
1577 5204 1643 5258 dcta
1653 5205 1764 5273 Aposto-

981 5302 1086 5354 lorum:
1104 5296 1173 5362 Quia
1188 5295 1363 5356 multitudinis
1373 5294 1535 5347 credentium
1554 5303 1609 5347 erat
1624 5309 1669 5346 cor
1683 5306 1762 5343 nitram

982 5398 1006 5442 et
1019 5387 1107 5440 aniana
1117 5402 1179 5448 ano,
1194 5394 1218 5438 et
1228 5393 1300 5437 erant
1315 5382 1367 5436 illis
1379 5384 1466 5435 omnia
1477 5382 1624 5436 communio
1638 5379 1707 5452 (Aet.
1717 5378 1765 5450 tt).

983 5477 1127 5544 Nullusque
1145 5490 1227 5546 egens
1241 5483 1300 5528 erat
1320 5473 1391 5528 inter
1402 5487 1449 5528 eos
1461 5473 1506 5541 qui
1524 5484 1572 5523 sua
1588 5484 1635 5536 pro
1654 5468 1768 5524 bortrirm

984 5572 1158 5642 reliquerant,
1175 5564 1314 5634 dequibus
1327 5573 1352 5618 et
1377 5561 1519 5637 Apostolus
1536 5559 1572 5614 ait
1600 5578 1605 5610 z
1633 5558 1768 5630 Tanqrram
