3810 6120
151 317 202 375 tel
561 317 825 375 eutecettou'us
843 315 876 372 tu
897 317 1089 376 cristolus
1107 321 1152 379 ET
1170 322 1376 380 [vettonum.
1740 332 1795 389 ‘222

152 436 302 505 conceptus
316 437 371 498 est,
385 429 424 485 ita
445 436 474 486 et
493 429 521 485 in
534 429 585 487 hoc
606 440 781 488 monumento
795 446 875 487 nemo
889 439 952 487 onte
965 434 991 496 Α
1004 433 1105 504 itaque,
1123 444 1154 493 ut
1169 437 1237 493 nihil
1256 439 1289 495 de
1309 440 1436 496 sordibus
1452 441 1553 497 veteris
1572 442 1690 500 horuiuis
1711 462 1796 517 agno·

152 523 240 591 itum.
250 536 332 581 nemo
349 530 410 596 post
422 521 498 577 illum
511 522 632 594 sepultus
644 531 696 578 est.
998 534 1092 581 scttur
1104 524 1133 582 iu
1152 529 1243 584 rrobis.
1266 529 1392 586 Christus
1411 539 1503 585 nutem
1518 548 1572 588 uon
1595 545 1731 606 exparte,
1746 539 1795 594 sel

390 656 548 715 mmo
566 655 711 714 mem
999 616 1104 691 integer
1128 627 1171 676 est
1197 622 1355 688 crucifixus,
1381 632 1411 678 ut
1434 639 1485 680 uos
1504 640 1539 680 ex
1561 633 1618 683 tuto
1645 644 1794 686 moriamur

997 720 1109 780 peccam
1136 721 1165 768 et
1187 714 1310 773 vivemus
1329 715 1394 771 Deo.
1412 715 1458 771 llle
1475 725 1566 771 autem
1579 719 1646 774 vivit
1660 721 1726 787 uun,
1746 724 1793 794 qui

996 801 1098 858 Christi
1111 804 1237 875 vestigia,
1260 806 1415 863 humilitate
1463 807 1681 866 sanctificatione
1694 819 1721 868 et
1733 813 1792 883 pie-

999 898 1053 947 tate
1067 902 1197 948 sectatur.

188 1004 197 1036 ι
217 985 247 1041 st
272 983 488 1041 consurrexistis
512 998 572 1037 cum
600 982 720 1049 Christo,
748 999 810 1055 quse
836 999 947 1040 sursum
1033 981 1308 1042 Camerinensium
1324 993 1486 1059 apperuerit,
1505 993 1557 1046 uite
1572 1002 1667 1057 uestro,
1692 1003 1792 1049 terret

151 1085 243 1134 arunt
252 1076 377 1147 querite,
391 1075 438 1131 uhi
457 1075 585 1131 Christus
598 1082 642 1130 εει
660 1074 687 1129 in
702 1074 815 1130 dextera
828 1073 876 1129 uei
899 1089 945 1129 sc-
996 1090 1041 1128 ees
1063 1077 1232 1147 apparebitis,
1254 1086 1307 1135 etc.
1336 1081 1397 1135 Vite
1419 1091 1514 1136 nostra
1538 1081 1639 1136 dicitur
1653 1082 1792 1152 Christus,

150 1167 260 1223 «deus.
290 1164 482 1234 stmsursum
511 1165 679 1236 suutsapite,
707 1180 762 1220 nou
789 1181 947 1236 quaesuper
998 1164 1069 1221 sicut
1084 1167 1142 1234 ipse
1157 1168 1322 1242 dixittldpe
1340 1189 1401 1227 svm
1414 1173 1467 1238 eie,
1480 1173 1615 1228 recitaret
1630 1175 1682 1229 uite
1699 1175 1790 1246 (deun.

151 1279 161 1313 ι
179 1268 296 1316 terram.
320 1258 419 1314 Mortui
444 1259 516 1314 euim
534 1259 611 1325 estis,
635 1267 664 1314 ct
685 1259 742 1314 vitu
767 1267 860 1316 restra
883 1261 947 1316 alts-
996 1255 1063 1328 ιιι).
1085 1258 1196 1329 Etonia
1212 1260 1259 1316 tilii
1285 1262 1405 1317 Deicum
1420 1263 1515 1328 simus,
1531 1264 1653 1319 noudum
1667 1266 1794 1334 apparuit

150 1367 160 1402 ι
180 1350 293 1406 condite
311 1358 354 1406 est
371 1364 433 1405 cum
449 1347 558 1404 Christo
572 1349 600 1403 iu
616 1350 684 1404 lieo.
697 1348 765 1405 Cum
778 1349 852 1405 enim
866 1349 946 1406 Chri·
995 1347 1059 1415 quid
1084 1349 1196 1405 crimus.
1224 1351 1331 1407 Scimus
1356 1368 1418 1409 cum
1438 1354 1604 1424 apparuerit,
1632 1354 1735 1410 similes
1763 1357 1789 1410 ei

150 1457 162 1486 ι
183 1447 245 1497 ‚nie
254 1439 410 1511 apparuerit
420 1440 477 1495 viva
491 1447 593 1506 vestra,
605 1448 670 1497 tunc
680 1449 710 1497 et
718 1456 768 1499 vos
777 1443 945 1512 apparebitis
994 1436 1107 1503 erimus,
1127 1455 1182 1494 uon
1205 1442 1279 1495 euim
1302 1442 1347 1497 hic
1367 1442 1498 1498 debemus
1527 1449 1651 1497 nostram
1675 1443 1792 1512 gloriam

149 1548 159 1583 ι
181 1546 247 1586 ειιιιι
260 1529 369 1588 Christo
382 1531 409 1587 in
422 1533 517 1604 gloria.
541 1552 552 1586 ι
994 1540 1124 1595 quaercre,
1139 1545 1174 1584 ne
1187 1529 1220 1585 de
1234 1529 1315 1586 nobis
1329 1531 1435 1586 dicatur
1446 1549 1453 1585 ε
1465 1530 1626 1602 deceperunt
1646 1532 1792 1588 mercedem

181 1620 360 1678 colossenses
375 1630 403 1677 et
416 1623 455 1686 ld,
469 1623 541 1678 sicut
551 1623 741 1690 leodicenses,
760 1636 825 1684 sunt
839 1627 943 1694 Asiani,
994 1620 1250 1694 suentensem).

144 1719 174 1766 et
191 1711 242 1781 ipsi
251 1711 381 1781 preventi
395 1720 475 1767 eraut
491 1728 506 1766 o
527 1714 771 1785 pseudoapostolis,
796 1734 847 1774 nec
862 1720 896 1773 ud
911 1718 937 1772 il·
1138 1728 1304 1770 eveuoeuruu
1321 1730 1463 1780 murrum,
1483 1730 1543 1770 etr.
1563 1731 1659 1772 xxrur.

145 1802 188 1858 los
214 1803 331 1858 accessit
349 1803 408 1873 ipse
426 1801 584 1872 Apostolus,
609 1806 657 1861 sed
671 1813 699 1861 et
719 1806 769 1862 hos
781 1823 830 1878 per
842 1792 996 1879 episto-B·
1032 1821 1042 1856 r
1064 1802 1183 1875 Vespere
1194 1814 1286 1859 auem
1309 1805 1414 1860 subbati
1438 1821 1499 1875 quc
1523 1805 1638 1861 lucescit
1654 1807 1683 1860 iu
1699 1806 1788 1876 prima

149 789 281 834 tristent
310 789 391 830 ΒΕΔΤΙ
423 787 500 830 etun
537 785 665 829 trosrout
690 786 724 830 to
754 785 946 839 COLOSOENOES,

493 859 552 899 cte.
572 857 614 896 ΙΙΙ.

144 1891 365 1965 lamreeorrigit.
394 1893 629 1950 Audierantenim
653 1899 766 1970 verbum
781 1898 944 1971 abdrchip-
997 1893 1792 1964 rsabbatismumllariollagdaleneetaliallariavidere

144 1999 191 2056 po,
218 1986 264 2054 qui
287 1985 468 2040 ministerium
483 1987 511 2040 in
532 2001 579 2041 uos
600 1990 714 2059 accepit.
735 1989 806 2061 Ergo
827 1990 943 2060 Apnsto-
996 1987 1185 2056 «sepulcrum.
1203 1988 1237 2042 Et
1258 2003 1322 2044 ecee
1347 1997 1427 2044 terrae
1448 1998 1538 2045 motus
1561 1988 1648 2045 lactus
1664 2001 1707 2048 est
1731 2006 1790 2047 mn-

144 2076 190 2132 lm
213 2075 273 2145 jam
294 2076 403 2147 ligatus,
418 2077 514 2135 scribit
531 2077 571 2132 eis
590 2079 625 2132 ab
649 2079 756 2147 Epheso
779 2094 830 2149 per
849 2079 943 2135 Tichi·
996 2094 1105 2150 «gnus.
1126 2079 1244 2151 Angelus
1263 2080 1335 2136 cuim
1355 2082 1462 2136 Domini
1476 2082 1665 2138 descenditde
1679 2084 1791 2140 coeloet

144 2186 209 2229 am
221 2171 377 2236 diaconum,
405 2180 433 2226 et
447 2171 605 2230 Onesimum
619 2173 766 2244 acolytum,
783 2173 886 2246 scripta
907 2188 942 2230 ex
996 2188 1005 2222 r
1025 2171 1157 2225 accedeus
1180 2170 1295 2225 revolvit
1307 2171 1436 2240 lapidem,
1456 2180 1484 2226 et
1497 2172 1608 2227 sedehat
1621 2188 1788 2242 supereum.

145 2265 216 2322 urbo
239 2262 335 2319 Romu.
995 2280 1004 2313 r
1022 2261 1088 2317 Erat
1115 2270 1206 2318 tutem
1231 2271 1359 2333 aspectus
1380 2262 1440 2333 ejus
1455 2265 1528 2319 sicut
1543 2263 1646 2334 fulgur,
1667 2271 1695 2321 et
1709 2265 1790 2320 vesti-

179 2353 213 2410 Si
239 2354 441 2410 eomerrerirtr's
471 2371 531 2410 erem
559 2352 675 2408 Cirrlsto.
708 2353 842 2425 Superius
867 2358 941 2413 enim
994 2361 1115 2409 rurerrta
1130 2352 1190 2423 ejus
1202 2354 1273 2410 sicut
1287 2355 1345 2411 nix.
1361 2355 1420 2411 Pnc
1441 2356 1541 2411 timore
1551 2364 1641 2411 autem
1669 2355 1730 2425 ejus
1743 2371 1791 2411 ex·

144 2443 265 2509 dixerat,
290 2445 313 2499 si
332 2445 433 2499 mortui
457 2445 524 2499 estis
548 2459 612 2499 cum
624 2443 734 2499 Christo
752 2447 786 2501 ult
799 2446 942 2505 elementis
995 2464 1004 2497 ι
1020 2446 1109 2501 territi
1134 2454 1200 2502 sunt
1215 2447 1354 2512 custodes,
1378 2454 1407 2503 et
1423 2445 1488 2505 lacti
1509 2457 1572 2504 suut
1589 2447 1662 2503 velut
1677 2448 1788 2502 mortui.

143 2535 254 2591 muudi.
273 2534 363 2590 Mundi
377 2536 450 2590 enim
465 2536 597 2590 elementa
619 2535 731 2608 intelligi
756 2538 849 2603 voluit,
877 2556 941 2596 ava·
993 2555 1002 2587 r
1027 2535 1203 2607 Respondeas
1218 2545 1308 2593 autem
1322 2539 1434 2609 angelus
1451 2541 1524 2595 dixit
1539 2540 1718 2598 mulieribus:
1734 2539 1788 2594 No-

145 2625 239 2681 ritiem
248 2633 277 2682 ει
291 2625 426 2680 luxuriam
453 2634 590 2681 etcaetera
604 2627 756 2692 similia,et
770 2645 941 2701 consequen·
994 2644 1003 2676 ι
1029 2627 1076 2682 lite
1102 2612 1198 2684 timere
1225 2642 1294 2683 vost
1311 2627 1375 2684 Scio
1403 2631 1478 2685 enim
1504 2631 1577 2699 quod
1600 2629 1708 2695 lesum,
1737 2631 1785 2702 qui

144 2725 190 2773 ter
202 2726 265 2787 post
276 2717 405 2772 vitiorum
421 2717 658 2774 mortificationem
673 2719 712 2773 nit
729 2737 736 2774 :
752 2719 939 2776 Siconrrrrre·
993 2718 1167 2774 «crucifixus
1188 2726 1241 2784 est,
1266 2719 1398 2788 qrtaeritis.
1420 2719 1480 2774 Nou
1510 2729 1554 2776 est
1575 2721 1631 2776 hic.
1664 2720 1789 2777 Surrexit

142 2809 224 2865 fluit
243 2824 302 2863 eurr
314 2805 429 2873 Christe,
445 2825 506 2879 quc
530 2825 635 2864 serrem
663 2818 725 2864 sent
749 2808 940 2882 querite,'hoe
993 2828 1002 2860 ι
1021 2809 1093 2865 enim
1107 2810 1179 2866 sicut
1202 2810 1282 2865 dixit.
1308 2811 1441 2867 Veniteet
1462 2812 1551 2867 videte
1565 2813 1665 2878 locum,
1680 2815 1726 2868 ubi
1740 2829 1789 2883 po-
1846 2860 1849 2866 .

142 2908 205 2968 est,
235 2915 290 2956 uon
320 2900 407 2957 solum
436 2901 555 2955 terrenis
582 2901 738 2956 moriemini
759 2902 857 2968 vitiis,
889 2904 940 2960 sed
992 2900 1092 2956 «situs
1113 2908 1173 2956 erat
1200 2900 1341 2959 Dominus.
1369 2901 1404 2959 Ει
1436 2903 1500 2957 cito·
1517 2912 1614 2958 euntes
1635 2904 1718 2958 dicite
1743 2905 1786 2959 dl-

141 2989 228 3046 etiam
252 2989 322 3046 eoelo
344 2990 437 3056 vivite,
460 2991 530 3048 nihil
558 2999 695 3046 terrenum
719 2991 856 3058 ambiatis,
871 2993 939 3049 nihil
993 3011 1002 3045 ι
1025 2991 1138 3063 scipulis
1154 2989 1225 3060 ejus,
1236 2992 1301 3063 qula
1316 2993 1448 3062 surrexit,
1468 3002 1495 3049 et
1509 3008 1573 3049 ecce
1582 2994 1718 3062 praecedet
1739 3009 1789 3049 vos

141 3082 261 3141 morule
274 3083 413 3153 quaeretis,
423 3083 564 3139 celestem
584 3084 724 3140 sectamini
738 3085 866 3155 patriam,
881 3094 936 3142 etc.
992 3101 1002 3134 t
1026 3083 1055 3138 in
1085 3081 1234 3140 Galilaeam.
1261 3085 1301 3140 lbi
1327 3099 1389 3141 cum
1410 3085 1548 3151 videbitis,
1569 3084 1641 3140 sieut
1662 3084 1790 3154 praedixit

179 3173 233 3231 Uli
258 3173 617 3232 Chrietwertoddesternm
640 3175 690 3231 Dei
702 3177 805 3232 redens.
833 3141 973 3234 VictoriC
992 3195 1001 3227 r
1023 3175 1128 3232 voltis.»

129 3266 202 3324 Filio
225 3275 254 3323 ει
280 3282 332 3339 pur
350 3273 472 3322 sanctam
497 3267 712 3326 incarnationem
739 3270 822 3325 totins
844 3253 938 3326 muudi
1028 3263 1240 3338 impetrantem
1253 3267 1367 3332 sceleti,
1387 3283 1446 3339 quc
1461 3266 1569 3324 lucescit
1588 3267 1711 3337 inprime
1728 3267 1789 3322 ret-

143 3359 339 3428 tnxnplatori
353 3367 415 3429 post
432 3360 641 3416 resurrectionis
668 3360 792 3431 gloriam,
817 3361 937 3417 honora·
989 3359 1061 3424 tart.
1085 3360 1155 3414 uenit
1179 3358 1269 3413 llario
1291 3356 1459 3429 llepdeteue,
1485 3368 1510 3411 et
1534 3360 1620 3412 attere
1643 3357 1734 3412 llario
1748 3359 1787 3411 ei·

141 3451 206 3507 bilis
234 3466 379 3507 consessus
403 3451 482 3505 datus
505 3456 556 3515 cst,
584 3451 610 3504 iu
636 3451 747 3506 dextera
764 3450 812 3506 Dei
836 3451 936 3506 Putris.
989 3448 1051 3505 dere
1067 3448 1228 3519 sepulcrum.
1255 3447 1314 3520 (Ex
1336 3448 1472 3520 August.)
1494 3447 1604 3519 Vespere
1627 3450 1788 3503 detereret-

142 3540 296 3597 Gousessus
318 3541 391 3596 euim
405 3540 458 3595 iste
474 3539 542 3599 uiltil
565 3540 734 3596 demonstrat
761 3541 854 3606 eliud,
884 3542 937 3597 nisi
990 3538 1054 3606 leti,
1080 3539 1152 3610 qued
1166 3539 1273 3595 diversa
1289 3540 1435 3595 mulierum
1462 3549 1585 3609 tempora
1607 3539 1636 3593 in
1662 3539 1786 3606 Evange-

141 3632 257 3689 nonoris
276 3631 469 3700 montlitatem.
490 3631 558 3686 Nam
579 3633 692 3688 verbum
710 3634 761 3688 hoe
772 3633 839 3688 illud
852 3633 938 3704 signi·
990 3629 1034 3686 liis
1055 3629 1257 3695 describuntur,
1283 3645 1337 3686 uon
1364 3631 1499 3686 mendacii
1525 3639 1568 3685 est
1587 3629 1705 3700 siguum,
1736 3628 1783 3684 sed

142 3723 219 3790 deal,
247 3731 278 3778 ut
311 3732 393 3793 ceput
420 3731 545 3778 nostrum
566 3723 592 3778 iu
612 3721 702 3779 Patris
728 3732 939 3794 cognosceretur
989 3719 1089 3774 sedule
1114 3719 1280 3775 visitationis
1301 3719 1432 3776 ollcium.
1454 3719 1637 3786 (inclarescit
1657 3719 1786 3791 inprime

141 3812 256 3867 dextera
271 3812 443 3877 mdoeutum,
460 3813 488 3867 iu
503 3828 556 3882 qua
570 3820 648 3881 parte
662 3812 779 3882 ponendi
796 3820 870 3877 sunt,
891 3812 937 3882 qni
987 3811 1137 3879 eniterer
1170 3819 1247 3883 parte
1270 3813 1358 3883 prima
1385 3814 1484 3877 noctis,
1509 3813 1582 3882 quud
1611 3821 1654 3867 εει
1677 3826 1784 3881 vesper,

141 3919 193 3976 per
217 3903 335 3961 lidema
358 3904 509 3959 divinitatis
531 3919 721 3960 muneremur
749 3914 937 3976 segregantur,
989 3903 1198 3974 ipsamnoctem
1223 3904 1310 3959 voluit
1334 3905 1498 3976 significare,
1526 3906 1604 3976 cujus
1633 3903 1786 3960 noetisliue

141 4005 254 4066 propter
268 3994 334 4052 illud
347 4009 356 4050 t
369 3993 460 4060 Peter,
474 3995 531 4049 uolo
555 4005 583 4050 ut
598 3995 642 4049 eli
654 4013 712 4050 surr
721 4013 778 4067 epo,
801 3997 837 4050 idi
850 3998 903 4051 rint
914 4006 938 4051 et
987 4004 1121 4066 venerunt
1136 3996 1274 4052 mulieres.
1288 3995 1343 4051 Cur
1359 4004 1451 4051 eutem
1469 4005 1578 4050 noctem
1602 3995 1719 4065 appellat
1739 4008 1785 4047 ve

142 4086 171 4142 ki
202 4102 316 4141 merem.
349 4084 418 4142 Nam
451 4087 474 4141 si
502 4094 627 4141 naturam
656 4087 766 4142 deitatis
791 4089 937 4161 excogites,
988 4088 1112 4158 sperem!
1127 4088 1191 4156 quia
1205 4102 1317 4158 vespere
1328 4088 1427 4142 licebat
1440 4085 1538 4142 afferre
1548 4094 1783 4150 aromata,truus

142 4192 224 4248 quen
249 4177 339 4233 heum
362 4185 438 4246 potes
463 4177 849 4236 liaberePatrissinistraevel
873 4179 938 4234 dex·
987 4189 1049 4231 aero
1074 4176 1167 4250 utiquc
1187 4176 1312 4232 sabbato.
1328 4176 1385 4231 lloe
1411 4190 1475 4245 ergo
1498 4176 1566 4230 dicit
1581 4193 1587 4228 ι
1602 4191 1705 4242 uespere
1723 4174 1783 4228 end-

143 4247 225 4325 lrzei'
239 4269 369 4338 qnoniam
390 4269 493 4340 ubique
518 4269 676 4340 plenissima
700 4268 843 4338 maiestate
859 4286 937 4326 oom-
987 4269 1051 4335 teti,
1066 4283 1099 4322 nc
1120 4270 1144 4324 si
1167 4269 1271 4324 diceret
1291 4269 1474 4338 :Nocteque
1488 4271 1612 4338 sequitur
1633 4270 1779 4324 sabbatum

144 4360 280 4432 plectitur.
987 4369 1131 4428 venerum,
1154 4377 1208 4432 quo
1222 4368 1345 4431 tempore
1368 4361 1519 4425 voluerunt,
1547 4362 1640 4417 venire
1665 4361 1784 4416 liberum

178 4450 282 4507 Hortari
295 4453 362 4506 enim
374 4453 542 4518 retinetene
560 4452 867 4518 uertreeieeerrditnert,
881 4461 934 4509 etc.
988 4454 1135 4520 tehersem
1152 4454 1210 4510 sive
1234 4470 1336 4524 uespere
1356 4453 1470 4518 sellari,
1496 4468 1550 4510 nou
1575 4460 1786 4524 vesperascente

145 4538 235 4608 Quaeri
260 4548 350 4610 potest
376 4542 511 4610 quomodo
541 4541 694 4597 viventibus
725 4550 753 4596 et
787 4542 877 4597 adhuc
907 4542 935 4598 in
988 4546 1042 4613 die,
1067 4546 1116 4602 sed
1140 4553 1349 4617 vesperascente
1376 4553 1468 4611 nocte,
1490 4545 1587 4610 idest,
1612 4546 1640 4600 in
1665 4544 1784 4600 linono.

144 4631 198 4687 rita
226 4632 324 4701 positis
348 4631 462 4715 dicitur,
487 4633 585 4687 mor-tei
598 4634 731 4687 ertixcnnr
748 4632 862 4688 Cleriste.
883 4632 936 4689 Sed
986 4638 1038 4694 ctis
1066 4646 1209 4695 venerunt.
1231 4637 1272 4693 dl)
1285 4637 1398 4693 exordio
1408 4637 1501 4693 muudi
1528 4638 1587 4693 dies
1608 4638 1783 4706 procedebat

145 4722 206 4792 quir
220 4721 315 4778 inalio
337 4722 398 4781 loco
416 4723 481 4778 dicit
496 4738 503 4777 ι
518 4723 672 4795 Quicunque
688 4723 814 4791 baptizoti
833 4726 936 4781 estitit
986 4739 1095 4787 noctem
1115 4730 1246 4800 usquead
1260 4730 1360 4786 Christi
1377 4731 1543 4800 passionem.
1563 4730 1699 4785 llChristi
1714 4745 1784 4785 vero

146 4814 249 4871 derisu
267 4815 344 4882 ders,
358 4817 386 4870 in
409 4825 492 4871 morte
505 4817 588 4886 ipsiru
600 4816 727 4887 baptizati
738 4821 810 4873 estis.
827 4818 860 4872 Et
871 4820 935 4888 quia
987 4824 1196 4889 resurrectione,
1220 4839 1275 4880 nox
1294 4824 1423 4893 precedit
1434 4823 1516 4879 diem.
1547 4822 1610 4879 Sive
1630 4824 1667 4879 ita
1688 4824 1781 4893 legeu-

146 4919 221 4966 tettrtt
242 4909 325 4964 lrumo
351 4918 446 4964 noster
467 4908 548 4964 simul
574 4908 720 4966 erueillxus
746 4920 789 4966 cst
814 4926 875 4966 curu
890 4925 933 4978 eo,
986 4915 1061 4982 dum,
1090 4931 1193 4986 serpere
1217 4915 1330 4981 mileti,
1357 4915 1385 4970 id
1409 4923 1461 4981 est,
1486 4930 1585 4969 aurora
1611 4929 1672 4984 qum
1692 4915 1781 4970 noctis

146 4995 250 5058 constat
270 5009 308 5065 ot,
330 5002 524 5074 sicutproptcr
552 5018 603 5060 uns
626 5003 751 5060 Christus
775 5007 934 5074 crucifixus,
987 5005 1065 5060 initio
1089 5004 1170 5070 lueet,
1195 5006 1253 5076 ipso
1278 5020 1327 5076 per
1351 5012 1436 5060 totam
1451 5011 1558 5059 noctem
1573 5011 1700 5060 monente
1723 5020 1780 5057 mn-

146 5103 268 5149 nortuus
295 5094 456 5164 etsepultus
470 5104 522 5163 est,
538 5104 567 5150 et
581 5097 740 5164 resurrexit,
761 5113 812 5153 nos
826 5114 934 5170 quoque
987 5110 1022 5151 ue
1037 5094 1176 5162 clucescit,
1189 5103 1218 5151 ει
1229 5096 1288 5151 ideo
1300 5093 1425 5162 forsitan,
1454 5095 1497 5151 lrae
1517 5095 1646 5153 mulieres
1661 5112 1676 5150 a
1692 5097 1779 5151 noetis

146 5185 176 5241 td
195 5185 332 5257 passionis
361 5201 418 5242 suae
434 5186 649 5255 similitudinem,
674 5188 827 5258 voluptates
846 5198 874 5246 et
888 5207 937 5246 eu·
986 5186 1063 5244 initio
1086 5203 1171 5259 usque
1192 5204 1271 5244 mane
1298 5189 1335 5244 ibi
1356 5198 1525 5248 manserunt,
1551 5190 1767 5251 Sedllarensdi

147 5269 271 5341 piditatee
298 5281 407 5328 nostras
435 5271 637 5343 crucifigamus,
663 5280 692 5329 ει
717 5274 745 5329 in
768 5274 933 5345 baptismate
986 5277 1090 5332 eitzdt
1106 5278 1182 5334 uelde
1207 5296 1284 5335 mene
1304 5280 1404 5354 (llere.
1430 5282 1506 5355 etc),
1532 5290 1559 5338 et
1587 5283 1700 5351 reliqua.
1725 5280 1777 5346 dp*

148 5363 303 5436 mysterium
325 5365 423 5421 mortis
451 5365 597 5436 sepulture
623 5374 652 5422 et
675 5366 789 5437 gloriam
813 5383 934 5425 resurre-
985 5380 1064 5440 paret
1084 5378 1175 5426 autem
1198 5387 1252 5442 qua
1271 5373 1339 5437 lrora
1362 5376 1511 5432 resurrexit
1531 5375 1669 5437 Dominus,
1696 5371 1778 5435 idest

149 5452 240 5511 monte
255 5451 314 5525 ejus
337 5454 487 5520 imitemur,
505 5463 535 5510 ut
554 5455 577 5511 si
594 5456 752 5526 passionum
779 5455 839 5526 ejus
867 5459 933 5514 socii
985 5478 1075 5529 mone,
1094 5479 1155 5519 cum
1169 5465 1376 5537 quadragesima
1390 5468 1474 5533 horis,
1495 5467 1573 5537 juxta
1584 5461 1779 5534 Augustinum,

150 5536 286 5610 ῐιεήιιιυε.
301 5544 383 5605 sind
395 5555 424 5601 et
436 5545 530 5618 glorie
548 5546 757 5602 resurrectionis
779 5548 890 5604 crimus.
905 5547 934 5604 Si
984 5554 1012 5610 iu
1031 5554 1156 5624 sepulcro
1178 5555 1261 5612 luisse
1283 5557 1456 5624 describitur,
1483 5558 1577 5621 idest,
1596 5559 1713 5626 quatuor
1726 5551 1779 5609 Ιιοι

153 5631 217 5690 eiu
243 5636 451 5693 mortuisumus
479 5637 683 5704 cenchride,
708 5636 844 5696 credimus
871 5642 935 5713 quia
985 5660 1040 5712 ras,
1062 5659 1114 5717 qna
1140 5644 1183 5702 die
1204 5645 1351 5702 crucissxus
1369 5655 1424 5712 ost,
1446 5651 1618 5704 remanentes
1628 5644 1775 5711 duodecim

155 5723 225 5792 ιἰιιι
245 5737 275 5787 ει
299 5725 356 5800 iam
372 5727 495 5789 vivemus
522 5747 583 5791 cum
604 5746 646 5789 eo.
667 5729 867 5795 ttatnnndnn
893 5743 935 5791 est
985 5735 1059 5797 hoto
1078 5736 1168 5800 noctis
1185 5735 1305 5803 mutati,
1323 5734 1468 5800 duodecim
1488 5734 1547 5793 dici
1567 5735 1698 5805 suntsed,
1712 5735 1796 5799 §vox
