3810 6120
78 324 133 381 sna
597 318 778 376 colluunt.
798 318 831 373 lb
852 321 933 377 REG.
955 320 984 377 S.
1004 320 1194 380 utlnnntctt
1661 329 1714 386 ‘lib

77 439 108 496 in
121 433 299 493 retributione
315 432 432 499 fclicioi·;
448 442 579 502 parantum
593 431 621 486 in
635 432 807 503 adimplendo
821 448 868 487 aar·
881 440 907 499 Α
954 435 1000 491 53.
1017 433 1216 490 Persecurioncs
1227 452 1275 505 pro
1289 435 1397 506 justitia
1408 442 1536 496 sustinere
1553 439 1661 513 (blattis.
1673 444 1715 515 v).

76 529 195 602 gustior,
204 534 308 581 tanatum
318 525 370 580 erit
378 525 405 579 in
417 525 578 595 recipiendis
589 525 745 579 muneribus
755 524 870 595 largior3
922 524 1052 580 Dominus
1073 526 1099 579 in
1113 525 1260 595 Evangelio
1273 525 1330 579 ait:
1349 526 1425 581 Beati
1447 530 1494 599 qui
1510 532 1716 600 persecutionem

76 629 211 691 qnantum
232 617 275 672 hic
292 616 437 681 laboriosa,
460 622 565 669 tantum
587 615 613 668 in
633 613 724 669 luturo
740 615 793 668 erlt
814 614 873 669 sine
921 615 1326 685 patiunturpropterjustitinm,
1342 617 1466 685 quoniam
1484 619 1600 689 ipsorum
1620 631 1658 676 est
1673 639 1715 678 re-

77 709 163 767 dubio
182 707 310 779 gloriosa.
326 706 385 775 lpsa
408 706 480 761 enim
501 720 549 760 nos
569 704 739 759 inimicorum
764 703 873 759 dilectio
921 719 1001 774 paam
1013 703 1148 757 cetorum.
1165 703 1223 758 Nori
1237 706 1303 759 dixit
1325 715 1435 777 propter
1450 708 1621 778 iniquitatem
1636 728 1713 769 suam

78 807 221 870 separata
244 798 358 861 mundo,
374 804 401 851 et
423 796 562 866 conjungit
581 795 696 851 feliciter
714 795 789 861 Deo;
814 796 872 864 ipsa
921 794 1063 865 patiuntur
1073 795 1300 863 persecutionem,
1311 796 1357 851 sed
1372 797 1512 868 signanter
1525 798 1638 867 addidit,
1650 818 1713 872 pro-

79 906 131 947 nos
145 892 180 946 ab
194 888 345 945 actionibus
357 886 526 941 saecularium
537 884 706 941 discriminat
719 884 870 951 hominum,
920 894 978 955 pter
988 884 1129 954 justitiam.
1145 885 1220 940 blulti
1234 887 1306 941 enim
1321 896 1432 956 propter
1448 903 1495 943 sna
1507 900 1619 958 peccata
1627 907 1715 961 perse-

77 990 108 1038 ει
120 990 277 1037 sanctorum
296 978 398 1048 pariter
408 978 499 1048 irrugit
511 986 540 1033 ει
552 976 709 1046 angelorum
722 977 869 1032 consortio.
921 977 1051 1030 cntionem
1063 976 1266 1045 patiuntur,scd
1280 993 1331 1033 nec
1340 977 1417 1045 justi,
1431 994 1480 1034 nec
1491 978 1561 1035 beati
1575 981 1711 1035 dicuntur.

114 1071 160 1127 ὅθ.
177 1070 365 1124 llaledicentes
378 1085 405 1122 se
424 1084 476 1122 non
498 1067 699 1132 remaledicere,
721 1068 766 1122 sed
786 1070 871 1138 mapis
921 1063 974 1119 Sed
985 1065 1022 1119 illi
1037 1065 1087 1120 soli
1101 1075 1205 1121 tarinnn
1215 1067 1282 1137 justi
1295 1067 1429 1122 liabcntur
1439 1069 1484 1137 qrri
1496 1071 1713 1139 persecutionem

78 1158 232 1215 benedicere
247 1156 324 1228 (Lice.
338 1156 386 1227 ιι).
403 1156 438 1210 Ει
449 1156 477 1210 in
492 1157 545 1211 hoc
556 1156 636 1211 nobis
651 1156 816 1226 impossibile
833 1157 872 1212 ri·
920 1167 1031 1227 propter
1048 1155 1183 1225 justitiam
1206 1160 1355 1226 patiuntur.
1376 1157 1444 1213 ilinc
1457 1158 1554 1215 Petrus
1575 1160 1713 1229 apostolus

35 1310 39 1321 Ι
80 1252 178 1307 deutur
200 1249 324 1320 implero,
341 1248 441 1304 Paulus
459 1248 583 1318 exemplo
603 1264 652 1304 suo
667 1265 717 1305 nos
731 1251 869 1316 admonet,
919 1244 977 1299 ait:
997 1243 1050 1299 Sed
1064 1254 1087 1298 et
1102 1245 1125 1298 st'
1141 1245 1204 1315 quid
1218 1246 1338 1316 potimini
1358 1258 1462 1317 propfer·
1477 1246 1628 1316 justitiam,
1644 1250 1713 1304 beatt'

79 1342 192 1399 dicem:
213 1338 407 1401 ilaledicimur,
423 1347 446 1392 et
461 1338 651 1405 benedicimus,
666 1341 869 1409 persecutionem
919 1335 991 1389 eritis
1006 1334 1032 1407 (l
1048 1334 1107 1389 Pet.
1123 1335 1176 1407 ιιι).
1195 1335 1253 1391 Νοιι
1277 1336 1374 1399 solum,
1394 1337 1492 1406 inqrsit,
1507 1339 1545 1393 nil
1559 1350 1649 1407 nocet,
1665 1341 1712 1410 qui

77 1433 206 1505 patiam,
229 1442 253 1485 et
274 1431 433 1486 sustinemus
447 1431 457 1502 (
470 1431 555 1491 icor.
569 1444 596 1486 ιι
610 1428 631 1501 ).
653 1431 748 1487 Petrus
762 1446 869 1502 quaque
918 1427 995 1483 rabis
1015 1429 1114 1483 bonrum
1135 1429 1295 1483 iacientibus
1319 1429 1390 1483 niala
1412 1431 1526 1499 irrogat,
1548 1433 1709 1499 sedetiam,

76 1522 208 1595 princeps
220 1520 404 1590 apostolorum
413 1521 546 1576 hortando
556 1536 606 1576 nos
617 1523 748 1592 praecipli,
759 1524 867 1580 dicens:
919 1530 968 1570 t'os
978 1531 1039 1570 cuni
1052 1519 1138 1573 hostis
1152 1519 1303 1586 insequitur
1317 1527 1428 1587 propter
1443 1519 1513 1574 botta
1531 1537 1592 1590 quine
1610 1522 1710 1591 tacitis,

81 1612 145 1669 Non
158 1611 295 1666 reddentes
307 1610 405 1664 malum
415 1627 462 1681 pro
476 1610 562 1676 malo,
581 1627 628 1665 nec
642 1611 810 1667 maledictum
822 1630 870 1683 pro
918 1619 1029 1661 causam
1046 1608 1123 1663 vobis
1143 1607 1255 1677 maioris
1273 1608 1448 1664 beatitudinis
1467 1611 1670 1679 subministrat,
1684 1620 1713 1668 et

78 1702 230 1767 maledicto,
242 1701 288 1757 sed
300 1703 457 1756 econtrario
479 1702 675 1767 benedicentes,
696 1703 758 1774 quia
779 1704 806 1758 in
820 1704 871 1759 lroc
919 1700 1057 1768 patientiae
1071 1709 1168 1757 vestrae
1180 1703 1253 1759 uires
1267 1705 1435 1760 corroborat.
1454 1705 1520 1761 item
1541 1705 1636 1764 Petrus
1652 1710 1709 1765 aii:

78 1791 164 1847 meari
184 1791 263 1855 estis,
285 1800 314 1844 ut
327 1790 530 1845 benedictionem
549 1789 700 1846 hereditate
712 1792 867 1861 possideatis
881 1794 905 1852 B
920 1786 1063 1844 blcllttseti
1081 1791 1150 1844 enim
1171 1790 1375 1862 benefacientes,
1388 1796 1412 1848 si
1433 1794 1492 1849 uelit
1513 1796 1632 1852 noluntas
1649 1798 1709 1866 Dei,

77 1880 108 1955 (1
121 1878 181 1935 Pet.
193 1878 246 1953 ιιι).
270 1880 321 1949 Qui
342 1881 415 1936 enim
436 1881 463 1935 in
484 1880 641 1935 hereditate
660 1881 718 1935 uult
730 1884 868 1952 possidere
916 1880 982 1948 pati,
999 1898 1078 1952 quam
1091 1881 1285 1952 malefacientes
1301 1885 1325 1956 (l
1342 1883 1401 1940 Pet.
1420 1886 1472 1959 ιιι).
1493 1887 1557 1943 Hac
1573 1890 1707 1946 sententia

76 1982 211 2030 aeternam
220 1973 449 2038 benedictionem,
459 1971 597 2026 inimicum
607 1971 767 2028 benedicere
777 1973 867 2037 debet,
917 1970 1026 2026 illorum
1038 1973 1182 2028 stultitiam
1193 1974 1330 2044 eleganter
1343 1977 1441 2046 arguit,
1457 1978 1501 2046 qni
1515 1994 1576 2033 cum
1590 1994 1640 2049 pro
1652 1978 1711 2034 cul

77 2079 135 2121 non
156 2064 329 2121 maledicere
351 2063 460 2120 Grande
476 2063 548 2118 enim
566 2044 599 2118 ‘et
616 2080 670 2119 non
690 2078 801 2133 paratam
825 2074 868 2119 est
917 2060 960 2131 pis
974 2071 1135 2133 arguuntur,
1151 2065 1192 2119 sel
1204 2066 1285 2121 ctiam
1297 2081 1346 2136 pro
1360 2083 1417 2122 suis
1428 2068 1505 2123 lactis
1516 2070 1605 2141 dignis
1621 2071 1710 2142 poenis

77 2155 180 2213 malum
193 2156 398 2213 maledicentem
413 2170 442 2211 se
457 2154 628 2210 maledicere.
640 2154 792 2209 Leveenim
802 2155 867 2210 illud
919 2160 1081 2208 coercentur
1097 2168 1112 2207 a
1130 2152 1260 2210 iratribus
1271 2155 1312 2210 sel
1327 2156 1489 2223 senioribus,
1503 2159 1637 2228 patienter
1651 2176 1710 2217 out·

77 2245 211 2302 alaribus
224 2246 329 2301 ridetur
339 2245 503 2310 bominibus,
515 2244 579 2301 sed
573 2251 643 2299 inter
652 2244 743 2315 praria
753 2244 867 2299 crimina
916 2241 982 2297 nino
997 2243 1124 2299 tolerant.
1137 2245 1223 2301 Sed'
1202 2261 1224 2301 si
1236 2246 1337 2317 absque
1347 2247 1425 2318 culpa
1436 2248 1478 2303 vel
1488 2249 1632 2306 verborum
1643 2268 1708 2308 con-

77 2334 146 2391 illud
163 2334 309 2407 Apostolus
322 2342 472 2405 computat,
487 2335 525 2389 ait
544 2335 636 2389 enim:
657 2333 748 2406 Neque
761 2334 866 2400 ebriosi,
917 2332 1055 2398 tumelias,
1070 2332 1113 2387 vel
1128 2335 1241 2390 adversa
1257 2351 1369 2406 qumque
1383 2338 1523 2406 patiuntur
1537 2355 1551 2393 a
1565 2342 1707 2411 proximis,

78 2442 164 2498 sequ
172 2427 321 2497 fornicarii,
334 2442 415 2497 neque
425 2425 547 2481 maledici
572 2441 680 2495 repnum
694 2424 741 2479 nei
751 2426 868 2496 posside-
916 2439 981 2481 mox
993 2424 1027 2479 ad
1041 2425 1207 2481 iracundiam
1219 2436 1409 2497 prorumpunt,
1422 2438 1451 2483 et
1463 2430 1508 2498 qui
1522 2431 1654 2487 hactenus
1668 2434 1708 2489 ai·

77 2514 144 2571 bunt
158 2514 185 2588 (l
197 2513 259 2571 Cor.
271 2514 319 2588 ιι).
333 2514 421 2571 Grave
432 2514 516 2580 enim,
527 2523 557 2569 ut
571 2514 698 2579 diximus,
715 2513 867 2569 maledictio
916 2517 1050 2572 debantur
1059 2517 1160 2573 innoxii
1169 2532 1217 2588 per
1228 2519 1423 2589 inpanennam
1431 2529 1459 2576 at
1467 2526 1709 2582 murmurationem

77 2615 222 2679 paccatum
235 2617 288 2675 est,
300 2610 372 2679 quod
382 2607 580 2678 possessionem
591 2605 666 2676 regni
682 2605 787 2671 adimit,
802 2615 830 2661 et
840 2606 867 2661 in
916 2622 947 2663 se
961 2608 1056 2663 noxios
1068 2608 1202 2676 reddunt,
1224 2610 1377 2666 nescientes
1389 2612 1452 2683 quia
1464 2614 1560 2670 meiius
1571 2623 1644 2672 esset
1655 2616 1709 2673 illis

77 2697 180 2756 interni
200 2706 331 2756 tartamm
353 2699 490 2754 bominem
512 2699 626 2769 mergit,
645 2706 672 2752 et
692 2707 724 2754 ut
739 2713 867 2768 uaporem
916 2708 947 2754 ut
960 2716 1009 2771 pro
1018 2699 1125 2770 justitia
1140 2717 1221 2772 qnam
1244 2717 1294 2772 pro
1318 2704 1461 2773 iniquitate
1480 2722 1529 2761 sua
1553 2717 1711 2778 paterentur

77 2786 148 2845 mini
166 2788 195 2845 ia
216 2789 278 2861 igne
293 2797 396 2845 eterno
416 2789 536 2858 perimit.
559 2788 698 2861 Scriptum
719 2788 864 2845 esteidm:
916 2788 1037 2858 injurias.
1050 2791 1177 2862 Quierpo
1188 2791 1279 2861 justus
1293 2794 1407 2862 patitur,
1421 2795 1558 2851 Christum
1571 2798 1708 2868 imitatum

76 2878 147 2937 Ante
158 2879 244 2951 ipsein
256 2896 336 2951 sapor
345 2890 369 2934 et
384 2880 483 2949 [umus.
495 2889 519 2934 et
539 2888 600 2934 ante
618 2880 772 2950 sanquinem
786 2878 868 2933 male-
916 2880 963 2949 qui
975 2896 1040 2938 uero
1052 2897 1102 2952 pro
1111 2882 1167 2937 suis
1178 2880 1259 2938 lactis
1270 2882 1383 2955 flagellis
1395 2886 1550 2957 corripitur,
1561 2887 1708 2959 latronem,

75 2971 153 3026 elicta
168 2978 195 3026 et
213 2969 378 3025 contumeliae
398 2968 501 3041 (Eccli.
525 2969 610 3042 xxii).
629 2968 780 3024 llaledictio
793 2968 866 3024 enim
916 2971 963 3041 qui
977 2972 1003 3026 in
1018 2987 1099 3028 cruce
1112 2972 1251 3029 Christum
1265 2976 1405 3045 cognouit,
1417 2984 1446 3030 et
1463 2987 1526 3048 post
1537 2994 1648 3035 crucem
1661 2997 1711 3052 pa·

77 3060 127 3118 ubi
138 3060 230 3117 mule
242 3061 355 3127 sederit,
373 3060 480 3117 delitiis
492 3061 540 3116 lici
554 3059 621 3116 lacit
634 3058 705 3116 lilios
719 3060 780 3125 irae,
793 3061 867 3116 etde
917 3062 1036 3133 radisum
1051 3062 1162 3119 intrauit
1175 3077 1236 3119 eum
1251 3062 1371 3120 Christo.
1395 3067 1446 3133 Qui
1469 3076 1559 3123 autem
1572 3084 1624 3125 nec
1638 3071 1710 3128 inter

77 3150 234 3207 haeredibus
246 3148 312 3206 lacit
323 3156 478 3214 extraneos,
500 3156 530 3204 at
547 3149 581 3205 de
601 3147 709 3217 injustis
719 3148 784 3203 lacit
796 3147 865 3218 iniu—
879 3135 902 3197 C
917 3148 1022 3222 depelle
1033 3151 1138 3206 desistit
1148 3167 1164 3206 a
1174 3152 1270 3222 culpis,
1282 3153 1422 3209 sinistrum
1433 3156 1555 3213 imitatur
1563 3158 1709 3229 latronem,

75 3246 147 3297 stoc
161 3238 243 3296 'lollit
252 3239 382 3296 coelorum
391 3254 508 3310 ¹repnum
523 3248 551 3294 et
561 3240 659 3310 mergit
672 3240 701 3295 in
722 3247 864 3295 maurum.
917 3241 962 3311 qui
973 3250 1085 3312 propter
1096 3252 1209 3312 peccata
1222 3244 1346 3299 ascendit
1357 3244 1385 3299 in
1400 3257 1519 3310 crucem,
1531 3257 1631 3321 etpost
1645 3266 1707 3309 cru-

76 3326 244 3387 Sanctorum
257 3330 326 3385 tollit
338 3329 450 3400 gloriam
460 3329 593 3387 etinlerni
603 3331 702 3401 premit
711 3331 739 3386 in
750 3331 865 3387 lorcam.
915 3347 976 3387 cem
991 3333 1045 3386 ruit
1059 3333 1087 3386 in
1099 3341 1242 3387 terarum.
1254 3333 1325 3405 Ergo
1338 3334 1424 3389 multo
1441 3335 1537 3393 melius
1550 3347 1594 3393 est
1610 3355 1709 3411 quam·

77 3414 165 3475 ean
177 3417 288 3475 Christo
303 3419 373 3475 tollit
393 3426 504 3489 nuptam
525 3427 554 3475 et
573 3419 679 3475 diabolo
697 3419 792 3474 tribuit
809 3419 867 3473 ani-
915 3422 982 3477 libet
995 3423 1022 3477 in
1034 3423 1161 3491 prasenti
1181 3422 1281 3478 seculo
1304 3424 1474 3481 innocentem
1492 3435 1520 3481 et
1537 3441 1587 3496 pro
1602 3427 1708 3496 institia

76 3520 163 3563 mm.
176 3506 224 3563 Sic
235 3509 308 3563 caim
322 3509 452 3579 scriptum
465 3519 525 3565 est:
543 3509 613 3565 lium
624 3510 756 3565 maledicit
770 3512 866 3581 impius
915 3514 971 3585 pati
985 3513 1213 3583 persecutionem,
1225 3513 1289 3568 etin
1301 3513 1392 3568 tuturo
1402 3530 1464 3570 cum
1475 3513 1538 3570 tiliis
1551 3517 1597 3571 liei
1608 3518 1709 3576 laboris

75 3597 225 3666 detrun,
238 3598 371 3655 maledicit
386 3602 503 3655 ammam
522 3618 598 3656 suam
616 3601 711 3674 (Eccli.
727 3601 795 3672 xxa).
816 3601 866 3658 iiic
915 3604 958 3661 sui
969 3604 1093 3674 accipere
1107 3602 1326 3668 retributionem,
1348 3618 1429 3673 quam
1443 3620 1504 3660 crim
1522 3609 1710 3676 peccatoribus

75 3687 153 3745 mim
161 3689 281 3745 ostendit
288 3688 428 3761 Scriptura
437 3691 501 3761 quia
511 3690 632 3747 diabolus
642 3690 765 3746 maledici
776 3692 864 3746 anima
914 3704 1086 3767 peccatorem
1098 3693 1237 3766 flagellari,
1254 3702 1281 3751 ει
1295 3703 1357 3766 post
1375 3704 1491 3752 mortem
1511 3711 1573 3752 cum
1584 3702 1708 3771 reprobis

75 3786 131 3835 est.
151 3778 282 3836 muninus
304 3788 395 3836 autem
411 3781 490 3837 nobis
510 3796 565 3836 non
586 3782 621 3837 ad
639 3782 864 3849 maledicendum,
915 3785 1062 3855 reprobum
1078 3784 1105 3839 in
1120 3783 1257 3839 internum
1271 3782 1366 3854 mergi.

76 3870 128 3929 sed
141 3871 232 3942 potins
244 3873 278 3927 ad
291 3871 502 3930 benedicendum
510 3888 542 3930 os
552 3873 683 3929 concessit
697 3881 725 3929 et
736 3873 863 3944 lingnam.
951 3876 996 3933 bt.
1014 3875 1077 3931 Non
1097 3894 1152 3931 esse
1174 3875 1323 3946 superbum.
1349 3874 1401 3930 Per
1423 3873 1568 3932 ieremiam
1590 3882 1707 3951 prophe·

78 3958 250 4029 Nacratem,
263 3960 604 4034 sieutlacobusapostolus
615 3964 663 4031 ait,
675 3980 708 4019 en
719 3965 776 4036 ipsa
790 3965 866 4019 bene·
915 3977 971 4024 tam
1001 3971 1035 4024 ad
1053 3968 1198 4038 superbum
1223 3966 1353 4020 Dominus
1376 3965 1565 4031 comminatur,
1590 3966 1705 4025 dicens:

75 4052 191 4108 didmus
202 4053 353 4117 Dominum,
369 4065 393 4110 et
407 4064 519 4126 patrem,
534 4065 558 4111 et
568 4072 601 4110 ec
615 4059 672 4126 ipsa
684 4056 865 4113 maledicimus
915 4058 984 4115 Ecce
1006 4075 1053 4129 epo
1071 4058 1105 4112 ad
1119 4067 1159 4124 te,
1181 4055 1300 4126 superbe,
1313 4055 1375 4108 dicit
1389 4053 1517 4110 liominns
1530 4058 1706 4128 exercituum,

54 4180 57 4185 -
75 4145 206 4212 borsines,
224 4147 270 4218 oui
288 4147 324 4201 ad
336 4146 533 4202 similitudinem
555 4147 678 4217 Deilacti
698 4157 774 4213 sunt,
793 4158 817 4202 et
833 4164 866 4204 en
915 4153 977 4226 quia
991 4153 1072 4207 reiciet
1085 4151 1140 4206 dies
1158 4160 1219 4204 tuus
1233 4157 1332 4219 tempus
1346 4148 1499 4202 visitationis
1517 4157 1581 4215 tuac,
1596 4149 1708 4206 etccdet

75 4234 135 4307 ipso
149 4246 238 4292 nestro
250 4253 369 4292 encore
386 4237 502 4308 procedit
514 4235 662 4291 maledictio
681 4247 705 4292 et
722 4237 865 4293 benedictio
915 4244 1055 4316 superbas,
1077 4252 1101 4298 et
1125 4251 1242 4304 corruet,
1258 4249 1282 4293 et
1297 4256 1348 4295 non
1369 4239 1418 4292 erit
1437 4240 1482 4309 qui
1503 4240 1609 4294 suscitet
1630 4257 1706 4309 eum,

74 4324 182 4401 (recob
196 4326 248 4400 ιιι).
264 4326 318 4384 Sed
330 4327 394 4398 quiid
411 4329 450 4383 ait
462 4328 533 4384 idem
555 4328 691 4398 apostolus
704 4330 863 4384 audiamus:
915 4346 939 4393 er
960 4339 1115 4392 succendam
1139 4335 1224 4405 ipnem
1245 4333 1272 4387 in
1300 4332 1407 4386 urbibus
1433 4331 1507 4401 ejus,
1527 4342 1552 4387 et
1574 4333 1708 4392 decorabit

75 4416 143 4475 Non
156 4429 266 4490 oportet,
282 4420 379 4490 inquil,
394 4419 450 4474 nec
470 4418 593 4489 illiberis
614 4417 719 4487 leuiter·
737 4418 865 4491 quuid
915 4430 1003 4483 omnia
1022 4429 1050 4482 in
1069 4427 1180 4481 circuitu
1194 4425 1251 4495 ejus
1265 4422 1373 4496 (ierem.
1387 4422 1425 4495 ι).
1445 4421 1479 4475 Ει
1496 4422 1560 4477 alibi
1574 4423 1708 4494 scriptum

73 4509 138 4582 [ons
151 4510 285 4565 decadem
307 4510 435 4580 foramine
453 4519 559 4565 emnnm
579 4509 682 4564 dulcem
702 4520 727 4565 et
745 4528 864 4566 amaram
915 4528 976 4576 ess:
1003 4517 1098 4573 Perdet
1125 4516 1195 4570 Deus
1217 4514 1370 4568 memoriam
1390 4512 1577 4581 superborum,
1603 4524 1628 4567 et
1654 4531 1708 4570 non

73 4619 176 4674 uuam
187 4602 301 4677 (litant
311 4603 351 4658 Ac
363 4603 386 4658 si
395 4602 517 4658 diceret:
538 4601 615 4658 Sicut
627 4602 714 4658 dulcis
733 4612 761 4659 et
773 4619 865 4658 amara
914 4609 1041 4678 relinquet
1060 4607 1212 4662 memoriam
1231 4602 1370 4657 lrnmilium
1384 4600 1480 4671 (Eccii.
1496 4600 1535 4673 ι).
1550 4601 1617 4657 Nam
1632 4604 1707 4661 etde

73 4709 149 4765 aqua
160 4710 215 4750 non
225 4704 316 4765 potest
333 4696 367 4751 de
381 4711 433 4751 nna
453 4695 534 4751 simul
548 4694 630 4751 lontis
650 4711 763 4751 manare
784 4711 865 4762 vena,
914 4700 972 4770 ipsa
991 4698 1114 4769 snperbia
1136 4697 1176 4752 sic
1199 4695 1317 4763 loquitur
1338 4692 1427 4747 diuina
1453 4690 1611 4762 Scriptura:
1640 4691 1707 4748 Odi-

72 4784 119 4842 sic
129 4786 281 4843 benedictio
294 4796 323 4843 et
335 4787 488 4843 maledictio
501 4788 535 4843 de
547 4803 600 4842 una
614 4788 694 4842 simul
710 4803 762 4843 non
778 4797 866 4858 potest
914 4789 984 4855 bilis,
1003 4787 1101 4857 inquit,
1118 4802 1206 4841 coram
1219 4784 1273 4838 Deo
1292 4791 1316 4836 et
1334 4781 1482 4836 bominibus
1502 4783 1633 4852 superbia.
1653 4784 1706 4851 Qui

70 4890 205 4934 manase
218 4877 399 4934 sordissima.
419 4877 473 4934 Sed
494 4879 648 4948 quicunque
661 4880 702 4934 sic
715 4880 800 4935 Deum
814 4882 864 4936 be·
912 4890 1001 4933 autem
1024 4877 1136 4932 tenuerit
1157 4873 1248 4939 iliam,
1273 4870 1456 4941 adimplebitur
1478 4871 1706 4929 maledictionibus

71 4966 204 5025 aedicere
214 4969 318 5024 orando
328 4968 371 5024 rel
383 4969 555 5040 praedicando
568 4969 717 5033 consuerit,
732 4978 762 5025 ut
781 4970 865 5025 male·
915 4967 1031 5042 (ibid).
1052 4968 1102 5032 Et,
1124 4965 1234 5020 Initium
1249 4963 1333 5017 omnis
1346 4960 1446 5032 peccati
1463 4962 1584 5031 superbia
1597 4962 1705 5038 (ltin).

71 5058 316 5119 dleerebominem
328 5074 383 5114 non
400 5060 557 5125 cessaverit,
577 5059 636 5115 sine
654 5059 735 5114 dubio
748 5060 866 5115 dulcedi·
915 5060 975 5115 Non
986 5060 1025 5114 ait
1039 5057 1165 5127 alicujus,
1180 5055 1227 5110 scd
1239 5052 1327 5108 omnis
1340 5051 1456 5120 peccati,
1468 5059 1498 5105 ut
1509 5052 1648 5109 evidenter
1659 5069 1705 5112 os-

73 5148 344 5208 ·cmbenedictionis
355 5149 413 5219 ejus
426 5151 578 5206 amaritudo
592 5149 788 5207 maledictionis
802 5167 866 5206 con-
916 5150 1040 5207 tenderet
1061 5149 1148 5218 ipsam
1168 5160 1228 5201 esse
1241 5149 1413 5212 pcccatorum
1432 5141 1554 5196 omnium
1573 5157 1704 5212 maisam3

71 5238 170 5295 sumit
183 5237 380 5310 Sedquantum
389 5240 489 5295 malum
502 5239 866 5307 estmaiedictionisuitium,
916 5243 1045 5313 quioniam
1065 5255 1119 5295 non
1138 5238 1223 5294 solnm
1238 5240 1380 5306 peccatum
1395 5232 1532 5304 essipsa,
1554 5234 1704 5289 sedetiam

71 5341 155 5389 tanto
169 5337 256 5405 magis
269 5343 313 5390 est
330 5333 526 5390 benedictionis
545 5333 647 5388 bonum
666 5331 794 5388 olllciunr.
814 5331 868 5388 Per
918 5331 1021 5388 nullum
1034 5337 1174 5400 peccatum
1191 5324 1248 5381 lieri
1263 5322 1359 5395 potuit,
1377 5330 1525 5393 potestant
1538 5321 1706 5398 poteritsiue

71 5422 144 5481 iilud
158 5423 232 5479 enim
243 5422 441 5480 maledictionis
451 5423 627 5492 conqueritur
636 5436 726 5492 pcena
737 5435 786 5492 per
794 5421 866 5476 istud
917 5423 985 5493 ipsa.
1004 5419 1127 5491 Srrpcrba
1141 5419 1266 5474 volumtas
1277 5416 1342 5473 lacn
1352 5415 1401 5471 Dei
1412 5421 1545 5485 praecepta
1555 5409 1704 5476 contcmm

72 5516 276 5575 benedictionis
288 5518 377 5590 prada
389 5525 417 5574 et
431 5516 525 5588 gloria.
538 5515 592 5572 Per
605 5514 669 5570 illud
690 5514 865 5585 opprobrium
917 5510 1178 5570 bumiliseustodiri.
1186 5508 1360 5581 surperbiaex
1371 5502 1473 5575 angelis
1483 5504 1619 5556 daemones
1630 5476 1737 5567 lecit,'

73 5608 104 5664 in
129 5607 246 5674 irrlerno,
267 5622 318 5680 per
338 5609 439 5665 istud
431 5625 459 5663 m
481 5607 550 5665 caelo
572 5606 713 5676 praemium
735 5605 867 5676 accipitur
917 5602 1057 5661 humilitas
1068 5602 1193 5657 hommes
1206 5591 1535 5668 sanemangdtsstmttcs
1549 5589 1646 5645 reddit.
1657 5591 1705 5648 llla

74 5701 285 5770 ”minimum
918 5691 1033 5751 rebelles
1047 5688 1154 5749 diabolo
1175 5688 1282 5755 subdit,
1296 5686 1354 5741 banc
1368 5679 1485 5739 humiles
1504 5677 1614 5735 Christo
1637 5694 1703 5737 oon-
