3810 6120
111 300 162 361 ili
532 304 791 365 concoctiones
811 308 843 365 tit
863 309 1055 367 BPlSTOleS
1073 310 1118 369 itt
1137 311 1346 374 EVANGEle.
1699 320 1755 382 m

111 437 123 472 ι
143 429 256 475 semna.
272 416 348 472 Beati
367 416 413 487 qui
434 417 545 490 lugent,
558 423 686 492 quoniam
707 423 759 494 ipsi
779 424 903 479 εοιιεειι-
919 432 1037 494 Aequa,
1049 425 1084 481 dc
1102 441 1156 496 qna
1169 428 1291 498 quisquis
1310 429 1420 497 biberit,
1445 431 1577 489 lactineo
1596 432 1659 491 lons
1675 452 1752 508 aquas

111 526 121 559 ι
143 508 256 562 Ιιιιειιιι.
280 506 355 561 Beati
374 508 420 576 qui
443 509 567 564 εειιιίιιιιι
593 521 621 566 ει
642 512 739 567 sitiunt
759 513 903 583 justitiam,
956 515 1079 572 salientis
1093 517 1217 573 inritam
1235 530 1376 577 aeterrrant.

110 601 274 671 «quoniam
295 600 346 670 ipsi
370 600 574 657 saturabuntur.
598 603 672 658 Beati
699 605 903 670 misericordes,
989 607 1066 663 Beati
1092 612 1286 680 misericordes,
1313 617 1438 685 qnoniam
1467 618 1518 688 ipsi
1542 619 1753 676 misericordiam

110 711 120 744 ι
138 693 269 764 quoniam
289 690 340 761 ipsi
363 692 577 748 misericodiam
598 707 808 765 consequentur.
828 697 904 752 Beati
954 713 1159 772 consequantur.
1176 705 1275 762 Βεειοε
1294 722 1355 763 εεεε
1371 708 1437 763 dicit
1458 711 1503 779 qni
1517 711 1680 767 subveniant
1701 713 1752 767 mi-

110 799 121 835 s
143 782 349 845 manducaria,
366 782 497 850 quoniam
509 784 558 854 ipsi
572 786 654 840 Beom
668 786 810 841 ridebunt.
826 788 903 844 Beati
953 791 1032 856 seris,
1048 795 1176 862 quoniam
1187 797 1226 851 cis
1244 798 1280 851 ita
1296 799 1463 868 rependitur,
1485 809 1516 854 ut
1537 801 1570 857 de
1591 802 1700 858 miseria
1719 804 1749 858 li·

110 892 120 924 ι
140 873 265 944 pacifici,
287 875 417 944 quoniam
437 875 484 929 biii
502 875 549 929 bai
564 879 742 934 vocabuntur.
762 879 838 934 Bruti
856 881 902 950 qui
952 884 1093 939 iterentur.

108 982 118 1017 ι
140 966 359 1036 persecutionem
381 967 523 1036 patiuntur
542 976 652 1038 propter
667 967 819 1037 justitiam,
835 986 904 1040 quo·
986 975 1063 1031 Beati
1078 981 1176 1035 meando
1197 984 1285 1047 corde,
1307 986 1431 1055 qnoniam
1450 989 1501 1059 ipsi
1517 989 1599 1043 lienam
1616 990 1749 1046 mdeiant.

107 1075 117 1111 ι
139 1058 215 1112 niam
240 1057 360 1126 ipsorum
374 1066 416 1113 est
435 1074 548 1129 regnum
571 1060 714 1116 emiorum.
733 1061 810 1117 Beati
834 1065 902 1120 cstis
953 1064 1100 1123 Sicntalibi
1112 1072 1749 1153 scriptumest:lnsimplicitatecordis,qaerrite

107 1166 117 1200 r
137 1165 202 1205 cum
216 1149 410 1205 maledixerint
419 1152 497 1206 rol-is
512 1153 648 1219 bornines,
663 1163 691 1210 et
704 1157 839 1225 perso-uti
854 1173 902 1211 ros
951 1157 1036 1224 illam,
1052 1161 1155 1217 bocest
1168 1165 1240 1219 enim
1252 1169 1382 1223 mundum
1403 1185 1460 1236 cor,
1483 1174 1555 1242 quod
1571 1183 1614 1229 cst
1634 1176 1749 1245 simplex

106 1260 116 1293 ι
136 1240 257 1308 luerint,
279 1252 308 1297 et
328 1243 447 1298 dinerirrt
461 1259 543 1299 unone
559 1244 660 1299 malum
681 1247 825 1302 adversum
840 1262 898 1314 ros,
950 1264 1008 1315 cor,
1021 1253 1130 1308 etsicut
1147 1254 1237 1311 iunmn
1248 1258 1300 1313 boc
1311 1260 1397 1314 rideri
1412 1276 1465 1317 rton
1475 1272 1574 1332 potest,
1592 1266 1643 1321 nisi
1662 1267 1749 1322 oculis

106 1349 115 1383 ι
138 1333 303 1388 mentientes
317 1342 429 1403 propter
439 1348 491 1388 me.
501 1334 623 1391 Gaudete
637 1343 664 1390 et
677 1338 900 1409 exsultateqoo-
949 1344 1067 1410 mundis,
1083 1347 1120 1401 ita
1131 1362 1182 1403 nec
1198 1350 1270 1406 Bous
1282 1352 1428 1419 ridebitur,
1450 1356 1501 1409 nisi
1518 1359 1648 1413 mundum
1668 1358 1703 1413 sit
1716 1359 1749 1412 ii·

105 1439 115 1474 ι
134 1423 210 1477 niam
224 1438 330 1479 merces
343 1433 434 1479 restra
452 1426 562 1495 copiosa
574 1435 617 1481 cst
628 1427 655 1481 in
667 1428 753 1482 ecelis.
778 1447 788 1480 ι
949 1434 995 1490 iud
1009 1438 1080 1506 quod
1092 1439 1185 1495 sidem
1194 1450 1294 1510 potest.

143 1511 243 1568 Videas
261 1510 341 1568 iesus
357 1514 448 1568 tarius
463 1515 580 1568 ascerrdit
598 1517 626 1570 in
650 1526 779 1584 montem,
794 1528 818 1572 et
838 1536 897 1573 cam
983 1525 1060 1581 Beati
1075 1530 1187 1599 pacifici,
1201 1508 1327 1602 quostiam
1343 1533 1394 1602 pite·
1411 1532 1460 1588 Det
1475 1536 1647 1592 socninntar.
1660 1537 1690 1592 ln
1701 1554 1748 1609 pa·

101 1606 221 1672 aeoliam,
238 1617 404 1662 accesserant
415 1608 450 1661 ad
466 1625 524 1663 ειιει
538 1609 659 1679 discipali
673 1611 741 1680 ejas.
755 1612 804 1681 (lia
815 1612 897 1685 Aug.)
947 1632 980 1673 ce
1001 1621 1132 1690 perfectio
1153 1632 1204 1686 εει,
1230 1623 1275 1678 nbi
1303 1624 1370 1679 nibil
1393 1637 1538 1695 repugnat,
1562 1635 1590 1682 ει
1614 1628 1676 1684 ideo
1698 1629 1746 1686 lilii

101 1695 281 1766 siqaaenmr
299 1697 364 1765 quid
384 1697 519 1768 significet
540 1714 627 1761 mons.
649 1699 718 1755 bene
736 1702 897 1773 intelligitur
947 1709 995 1765 Bei
1016 1712 1133 1781 pacilici,
1161 1715 1290 1783 quoniam
1318 1715 1386 1770 nihil
1410 1718 1515 1772 resistit
1543 1717 1609 1774 Deo.
1636 1717 1746 1776 Pacidei

100 1786 257 1861 significare
275 1787 377 1855 maiora
400 1798 534 1858 praecepta
552 1787 682 1857 justitiae,
703 1793 766 1861 quia
789 1794 894 1848 minori
911 1796 933 1855 B
947 1809 1035 1855 autem
1050 1803 1077 1855 in
1088 1804 1241 1875 semetipsis
1254 1812 1317 1860 sunt
1327 1806 1373 1875 qui
1386 1820 1482 1862 omnes
1496 1809 1579 1863 animi
1592 1810 1633 1864 sni
1653 1820 1746 1867 motus

99 1889 196 1947 ΜΝ,
211 1894 273 1950 ‹1¹¹ae
285 1876 385 1935 Judfflls
397 1879 458 1934 *¹³¹²
473 1888 545 1935 ΝΜ·
568 1880 643 1937 U¹¹¹¹³
656 1889 745 1937 limen
760 1881 831 1937 ⁰0⁰⁸
846 1898 896 1952 per
947 1903 1141 1962 componentes
1160 1895 1229 1951 liunt
1253 1912 1366 1969 regnum
1389 1899 1447 1953 Boi.
1463 1899 1513 1956 ilic
1534 1902 1663 1957 morenis
1678 1901 1745 1959 illud

100 1980 210 2029 unctas
224 1972 372 2044 propbetas
393 1978 420 2026 ct
435 1970 550 2027 beatulos
563 1987 639 2036 suos,
653 1974 802 2028 meandum
822 1976 895 2029 ordi·
914 1976 917 1981 ’
946 1985 1097 2054 poeepcumg

99 2064 270 2121 notissimam
291 2064 508 2119 distributionem
527 2073 679 2134 temporum
697 2066 771 2121 dedit
788 2067 893 2122 minora

100 2163 235 2225 'mepta
250 2152 360 2224 populo,
375 2169 456 2224 quem
474 2155 571 2210 umore
585 2157 675 2211 adhuc
692 2156 796 2228 amm
814 2174 894 2228 opor‘
1007 2124 1057 2175 Pas
1071 2129 1176 2177 animam
1190 2129 1276 2188 nutrit,
1291 2130 1383 2181 retinet
1395 2131 1523 2182 concoctio
1536 2145 1633 2193 pacem.

323 2248 325 2254 Ι
1008 2186 1058 2236 Ρει
1071 2192 1184 2247 reprimit
1199 2189 1279 2252 litem,
1288 2192 1425 2241 corrcordes
1437 2200 1513 2243 εεειιι
1524 2202 1551 2243 ει
1565 2195 1640 2243 odem.

100 2247 185 2310 tebet,
196 2254 225 2300 et
237 2243 386 2316 periitium
397 2262 475 2301 suom
488 2244 590 2314 majora
605 2248 721 2319 populo,
737 2264 817 2318 quern
831 2251 894 2305 aba·
1009 2246 1052 2297 [⁵⁸
1063 2261 1149 2309 pacem
1161 2254 1262 2312 loetali,
1274 2252 1368 2313 stilti!
1376 2254 1497 2304 diffidi!
1510 2267 1603 2314 ottem-

100 2336 180 2390 ritate
188 2335 246 2406 jam
258 2336 368 2391 liberari
380 2346 555 2392 corrrencrat.
574 2336 678 2393 Sedens
693 2347 784 2394 autem
801 2340 891 2406 docet,
1006 2308 1067 2360 ⁰³¹³
1081 2324 1129 2372 ¹³³¹
1139 2311 1222 2377 ⁹⁹¹¹¹¹2
1236 2323 1330 2363 ‘’⁸¹⁰¹''
1344 2327 1391 2377 ¹³⁸¹
1406 2319 1483 2365 ”uun
1492 2329 1612 2368 ”mm

102 2429 175 2497 quod
189 2429 308 2498 pertinet
325 2428 358 2483 ad
374 2428 532 2499 dignitatem
552 2430 701 2501 magisterii
716 2438 743 2484 et
761 2431 893 2487 accedunt
977 2430 1053 2485 Beati
1067 2433 1113 2502 qai
1129 2436 1335 2505 persecutionem
1363 2438 1511 2506 patiantur,
1537 2446 1644 2509 propter
1657 2438 1741 2509 insti·

100 2524 131 2579 trl
148 2536 212 2578 eum
226 2522 349 2592 (fiscipuli
363 2523 422 2587 sni,
444 2531 473 2576 ut
494 2522 638 2603 audiendis
652 2522 723 2579 illius
738 2524 841 2590 verbis,
863 2525 890 2579 bi
942 2521 1017 2587 tiam,
1030 2524 1155 2593 quereiam
1169 2525 1286 2594 ipsoram
1298 2535 1335 2579 est
1351 2542 1459 2595 regnam
1477 2525 1611 2581 calamam.
1624 2527 1682 2582 Non
1692 2529 1740 2598 qui

97 2621 189 2669 essent
206 2614 289 2668 etiam
303 2626 417 2683 corpore
439 2612 602 2678 viciniores,
619 2614 664 2684 qui
683 2614 826 2684 praecptis
841 2614 891 2668 im·
941 2623 1053 2683 proptor
1068 2613 1248 2682 iniquitatem,
1263 2616 1310 2670 sed
1325 2625 1436 2686 propter
1455 2616 1619 2672 Christianae
1642 2619 1738 2674 unita·

95 2700 202 2772 pleatlis
215 2696 542 2772 anima'propinquabant.
941 2705 976 2758 tis
991 2704 1162 2769 divisionem,
1177 2721 1238 2759 narn
1253 2717 1281 2761 ct
1292 2706 1366 2777 Agar
1378 2722 1456 2777 passa
1471 2715 1525 2773 εει,
1540 2708 1634 2764 aSars
1646 2725 1741 2780 perso-

128 2794 188 2862 (Ba
203 2791 229 2847 F
230 2789 298 2865 alq.)
317 2793 401 2850 Recte
419 2793 492 2848 Bous
509 2793 633 2848 excelsus
648 2793 674 2847 in
691 2792 780 2849 locam
797 2794 889 2850 excel·
940 2792 1088 2856 cntionem,
1099 2800 1126 2846 et
1141 2792 1186 2846 illa
1197 2805 1257 2848 erat
1269 2804 1364 2850 sancta
1374 2811 1434 2865 quat
1445 2794 1572 2862 iaciebat,
1588 2797 1632 2851 illa
1642 2800 1734 2868 iniqua

89 2896 155 2939 ειιιιι
169 2882 309 2950 ascendit,
325 2891 356 2938 ut
369 2883 525 2940 hominibus
538 2882 654 2939 excelsis
667 2885 827 2954 praedicaret
842 2900 889 2940 cr·
940 2894 1000 2952 qum
1018 2882 1183 2952 patiebatur.
1196 2882 1341 2953 signanter
1352 2885 1453 2940 addidit
1471 2896 1578 2956 propter
1592 2887 1738 2956 justitiam,

86 2974 177 3040 celsa,
191 2982 219 3028 et
236 2982 328 3045 aperte
346 2974 388 3029 lex
403 2989 473 3029 nora
486 2975 513 3028 iu
528 2985 620 3031 meme
631 2975 805 3046 praedicatur,
823 2977 888 3049 quia
940 2974 1017 3028 multi
1030 2974 1103 3028 enim
1124 2974 1341 3044 persecutionem
1360 2985 1472 3045 propter
1486 2991 1535 3031 sun
1558 2988 1669 3046 peccata
1690 2995 1739 3048 pa-

83 3074 172 3122 retus
186 3064 255 3121 ltlosi
266 3067 293 3121 in
306 3075 397 3121 monte
410 3067 474 3121 data
487 3075 539 3122 est.
939 3064 1054 3128 tiuatur,
1064 3072 1092 3118 et
1101 3079 1156 3118 non
1166 3062 1313 3132 suntjusti.
1326 3065 1381 3137 (lic
1392 3063 1515 3137 Hieron.)
1529 3064 1739 3137 Simulqoccon-

125 3158 165 3213 Bt
175 3160 296 3230 operiens
306 3176 334 3214 os
348 3157 552 3226 meminerint
560 3160 756 3227 eos,dicens.ln
764 3164 886 3235 aperien-
899 3143 922 3206 C
937 3157 1037 3219 sidera,
1048 3156 1120 3226 quod
1135 3165 1230 3211 actara
1253 3172 1325 3212 rerae
1358 3157 1575 3214 circumcisionis
1599 3159 1739 3215 beatitudo

75 3248 124 3306 do
139 3249 217 3304 enim
235 3264 277 3314 os,
299 3250 416 3305 ostendit
440 3250 602 3321 protundum
625 3260 653 3308 et
673 3253 809 3308 occultum
828 3268 887 3309 ser-
937 3249 1069 3320 ntartyrio
1083 3250 1256 3303 terminatur.

75 3352 203 3397 monem
218 3339 385 3410 prolaturum
398 3356 487 3407 suunt,
502 3342 546 3397 bic
561 3343 634 3398 enim
648 3358 771 3399 ossuum
786 3343 886 3400 dieitur
971 3341 1048 3397 Beati
1061 3345 1123 3397 estis
1135 3360 1195 3396 cam
1206 3343 1391 3397 maledixerint
1401 3344 1472 3398 eolis
1483 3343 1614 3408 borsines,
1634 3353 1659 3399 et
1675 3361 1736 3415 per-

71 3428 582 3503 tperire‚qnodpriospr0phetarum
598 3448 646 3489 ora
662 3434 777 3504 apernit.
831 3456 835 3463 ·
934 3434 1020 3488 secati
1032 3449 1077 3486 coe
1096 3433 1194 3500 saennt
1207 3442 1231 3486 et
1243 3434 1359 3487 dicerint
1380 3448 1456 3486 anone
1476 3431 1577 3485 malam
1600 3434 1737 3487 adeersum

120 3520 205 3577 Beati
218 3525 765 3597 pauperesspiritu,qaoniomipsorumest
777 3544 886 3598 reparent
936 3524 1160 3588 conmanentes
1178 3532 1284 3593 propter
1300 3538 1351 3576 me.
1376 3521 1445 3576 illud
1468 3521 1644 3577 maledictum
1669 3538 1737 3578 eoo·

69 3610 227 3667 celeraria.
240 3612 295 3668 lice
307 3613 541 3686 aliundeineipere
550 3619 669 3684 oportuit
681 3618 884 3685 beatitudinem,
936 3613 1110 3668 temnendum
1121 3620 1173 3679 est,
1187 3622 1215 3668 et
1236 3613 1433 3669 beatitudinem
1457 3620 1544 3679 creat,
1568 3615 1642 3683 qood
1666 3613 1736 3670 laiso

69 3702 227 3774 siquidem
253 3712 415 3774 perventura
435 3714 477 3761 est
508 3707 543 3760 ad
575 3722 708 3762 srrrnmam
732 3709 883 3778 sapicntiae.
935 3704 1122 3759 maledicentis
1140 3720 1188 3761 ore
1208 3704 1439 3776 proiertrrr,unde
1457 3715 1485 3761 et
1499 3705 1654 3777 specialiter
1682 3706 1737 3761 dil·

73 3792 205 3849 Initiom
220 3804 308 3849 autem
322 3797 457 3867 sapientire
474 3798 552 3850 timor
572 3796 689 3863 bantini,
709 3799 838 3868 quoniam
857 3806 886 3854 et
937 3793 1044 3861 liniunt,
1066 3811 1127 3866 qua
1141 3798 1177 3852 sit
1191 3798 1269 3853 beata
1284 3796 1450 3864 maledictio,
1465 3813 1546 3853 ornae
1560 3798 1654 3854 diceros
1677 3814 1736 3853 ma·

67 3898 100 3940 e
116 3885 270 3951 corrtrario,
291 3886 394 3941 initiam
420 3889 503 3942 castris
524 3890 633 3958 peccati,
656 3888 787 3958 snperbia,
820 3904 885 3959 qua·
936 3886 1064 3942 ledictum
1077 3889 1221 3944 adversum
1233 3904 1292 3954 ros,
1305 3891 1469 3945 mentientes
1482 3896 1593 3960 propter
1607 3905 1667 3953 mc;
1685 3889 1732 3944 ubl

69 3964 203 4047 propter
214 3977 256 4031 bic
269 3977 454 4048 intelliguntur
467 3994 599 4049 pauperes
614 3981 720 4049 spiritu,
733 3981 848 4035 bumilcs
858 3989 886 4036 et
934 3993 1000 4050 ergo
1016 3977 1142 4034 Cirristus
1156 3980 1183 4033 in
1200 3995 1282 4035 causa
1303 3991 1355 4044 est,
1380 3981 1417 4035 ibi
1435 3980 1554 4051 optarrda
1567 3979 1734 4036 maledictio.

70 4068 221 4123 Ιὶιιιειιιεε
232 4066 325 4133 Deum
338 4068 365 4123 id
378 4078 431 4135 est,
444 4085 498 4125 non
518 4069 649 4126 babentes
670 4070 809 4128 inllantem
830 4074 885 4143 spi·
970 4066 1088 4123 Gaudete
1100 4079 1124 4122 et
1135 4068 1274 4134 easraitate,
1285 4071 1409 4140 qnoniam
1421 4085 1518 4124 merces
1532 4077 1616 4124 oestro
1629 4069 1735 4138 copiosa

71 4158 186 4213 ritum.
934 4171 973 4215 est
988 4163 1016 4215 in
1031 4159 1110 4214 coelis.
1127 4159 1224 4214 Nescio
1237 4160 1298 4228 quis
1312 4160 1364 4213 boc
1376 4166 1498 4213 nostrum
1512 4157 1597 4229 possit
1609 4158 1734 4228 impiere,

122 4248 205 4303 Beati
230 4249 315 4314 miter,
335 4251 460 4319 quostiam
483 4252 534 4322 ipsi
555 4252 748 4306 rrereoiraiam
774 4261 881 4307 terram.
936 4261 966 4306 ut
978 4251 1112 4305 laceretur
1125 4250 1287 4320 opprobriis,
1302 4249 1374 4302 lama
1386 4256 1491 4312 nostra,
1504 4255 1530 4302 ει
1546 4263 1597 4303 noa
1610 4247 1734 4303 exsulte-

74 4338 166 4397 lllam
190 4340 289 4405 credo,
320 4340 353 4395 de
376 4356 429 4410 qua
452 4341 480 4395 in
504 4340 619 4397 Psalmis
640 4342 737 4397 dicitur
759 4360 766 4395 ι
791 4339 883 4396 Portio
935 4358 995 4397 mars
1005 4342 1031 4395 in
1046 4342 1171 4404 Bornino,
1184 4340 1236 4395 boc
1248 4340 1294 4408 qui
1307 4355 1406 4395 sarnam
1419 4347 1540 4394 sectatur
1552 4340 1664 4411 gloriam
1678 4340 1731 4394 irn-

71 4430 422 4498 srsea,interrooioentiem
434 4429 547 4501 (Psalm.
567 4431 645 4502 crat).
660 4430 882 4501 Significatenim
934 4432 1008 4503 plere
1023 4446 1077 4486 non
1087 4438 1186 4500 potest.
1197 4430 1322 4486 Gaudere
1330 4430 1590 4501 igitnrctcxsoltare
1600 4432 1733 4486 delicatus

75 4523 237 4595 quamdam
247 4521 408 4578 soliditatem
419 4530 446 4576 ct
460 4521 633 4577 stabilitatem
647 4522 814 4577 baereditatis
824 4488 922 4592 per-D
936 4531 966 4577 ut
978 4536 1083 4576 arrerces
1095 4521 1172 4576 nobis
1183 4521 1210 4574 in
1223 4519 1381 4576 celestibus
1396 4529 1573 4590 preparetur.
1587 4520 1733 4589 Eleganter

75 4622 191 4687 petum,
205 4613 262 4684 ipsc
273 4614 344 4669 cuim
355 4621 396 4669 est
410 4615 526 4684 requies,
543 4623 570 4669 ct
583 4614 638 4668 rita
649 4623 816 4669 sanctornm.
835 4615 884 4668 lli·
936 4611 964 4667 in
976 4612 1093 4683 quodam
1116 4610 1252 4665 volumine
1267 4611 1399 4680 scriptum
1423 4610 1553 4681 legimus:
1567 4608 1606 4665 Ne
1625 4624 1732 4679 quaeras

81 4716 131 4761 tes
151 4713 241 4760 autem
253 4705 390 4772 dicuntur,
403 4706 449 4775 qni
460 4720 513 4760 non
530 4705 661 4760 resistunt
673 4705 753 4771 malo,
768 4707 816 4761 sed
825 4706 884 4760 rin·
937 4705 1063 4776 gloriam,
1078 4713 1106 4759 et
1121 4719 1176 4758 raon
1191 4703 1296 4759 dolebis
1309 4718 1371 4759 eum
1387 4702 1550 4773 ingloriosus
1563 4702 1656 4758 itteris.

79 4802 157 4853 cunt
171 4796 197 4851 in
211 4797 283 4851 bono
295 4796 406 4851 malurn.
972 4795 1027 4866 liin
1039 4793 1206 4866 bagatella
1220 4794 1298 4849 coriis
1309 4794 1411 4848 dictum
1435 4802 1486 4858 est,
1512 4793 1540 4848 in
1563 4793 1731 4863 spiritalibus

123 4884 202 4942 Beati
213 4889 257 4957 qai
268 4885 367 4955 inqent,
377 4888 499 4957 qnoniam
518 4885 568 4955 ipsi
586 4885 796 4939 cerasololnntar.
810 4884 887 4941 Beati
938 4887 1126 4953 firmamentis,
1140 4887 1185 4942 nbi
1197 4887 1303 4943 habitat
1322 4886 1465 4955 sapientia,
1481 4886 1597 4956 justitia,
1616 4886 1731 4941 undeet

82 4982 136 5054 qni
155 4980 248 5050 lugent
272 4987 393 5049 peccata,
417 4978 629 5033 consolabuntur
652 4976 755 5046 Spiritu
776 4985 881 5043 sancto,
930 4977 1077 5048 Apostolos
1102 4977 1207 5047 inquit,
1241 4976 1403 5030 conrersatio
1432 4983 1518 5029 cestra
1539 4975 1567 5028 in
1595 4974 1667 5029 eoelis
1693 4983 1731 5028 est

84 5075 136 5147 qni
148 5083 292 5144 propterea
306 5071 471 5136 Paracletus,
482 5070 508 5125 id
522 5077 576 5135 cst,
589 5069 744 5124 consolator
758 5056 882 5124 nomina·
932 5068 1099 5143 (Plriiipnu).
1110 5069 1164 5141 (Er
1176 5066 1379 5137 Hieronicam
1401 5064 1476 5128 dicit,
1495 5063 1572 5120 Beati
1592 5081 1729 5136 pauperes,

85 5176 147 5232 tur,
167 5173 198 5220 ut
210 5163 384 5234 temporalem
400 5162 567 5224 annitentes,
587 5171 688 5215 mterrra
707 5160 800 5215 laetitia
821 5176 884 5231 per-
931 5161 1073 5215 avaritiam
1088 5159 1203 5229 repellit.
1226 5156 1302 5211 Beati
1315 5157 1407 5218 mites,
1434 5154 1504 5209 iram
1523 5161 1551 5208 et
1569 5152 1730 5224 indignatio-

85 5257 224 5314 fruantur.
933 5265 995 5305 nem
1010 5248 1139 5304 excludit.
1152 5247 1230 5301 Beati
1243 5246 1288 5316 qai
1299 5244 1398 5315 lugent,
1412 5243 1503 5299 amculi
1517 5243 1655 5298 tristitiam
1668 5254 1729 5310 que

127 5349 203 5405 Beati
226 5350 271 5420 qol
296 5349 425 5413 esrrriant,
447 5357 471 5402 et
490 5348 581 5402 sitiant
600 5347 743 5418 justitiam,
757 5346 881 5418 quereiam
935 5350 1050 5395 mortem
1060 5347 1188 5408 operatur
1203 5346 1344 5407 repugnat.
1353 5334 1478 5407 Beatiqai
1489 5330 1726 5403 etatitolsilllffls

85 5442 140 5513 ipsi
154 5439 352 5496 satnraiantnr.
368 5439 418 5494 liic
429 5445 563 5494 notatores
577 5438 651 5501 dicit,
665 5438 720 5493 reri
738 5446 766 5491 ει
790 5437 883 5494 ἰιιεοιι-
933 5433 990 5488 sire
1003 5430 1124 5485 omnium
1140 5428 1299 5483 deliciarum
1320 5426 1507 5496 cupiditatem,
1528 5436 1578 5492 per
1594 5417 1728 5488 jejunium

87 5531 162 5586 crassi
177 5530 251 5596 boni,
267 5528 313 5584 illo
329 5544 394 5599 ergo
407 5530 466 5583 ciim
476 5529 682 5594 saturabuntur,
698 5529 730 5581 de
750 5541 804 5595 quo
825 5527 884 5596 ipse
933 5518 1147 5578 retundit.Beati
1155 5519 1346 5583 misericordes,
1355 5514 1450 5572 humili
1457 5506 1726 5579 compatiendoieell.

89 5622 222 5679 Bominos
236 5622 275 5676 ait
288 5639 295 5675 :
310 5618 385 5675 ileos
404 5619 477 5674 eiius
496 5628 534 5674 eet
553 5630 580 5673 nt
601 5619 699 5689 inciam
722 5615 881 5671 volantatem
934 5613 1009 5668 Beati
1023 5611 1120 5666 mando
1131 5610 1221 5677 corde,
1233 5610 1261 5663 in
1273 5606 1480 5665 fornicationem
1490 5609 1518 5657 et
1534 5614 1644 5662 omuetn
1662 5612 1726 5657 tot·-

90 5712 182 5773 l’atris
199 5717 249 5773 mei
260 5714 352 5791 (ioan.
364 5716 469 5790 rr)‚nbi
481 5714 606 5786 loquitur
619 5714 653 5772 de
667 5711 772 5784 justitia
788 5717 817 5766 et
837 5709 882 5765 ilia
933 5710 1008 5782 poris
1025 5709 1258 5779 inquinamentum
1273 5704 1381 5760 sortiter
1391 5704 1545 5768 extorquet.
1560 5694 1637 5753 Beati
1651 5695 1724 5763 sati·
