3810 6120
607 168 618 192 Ο

118 296 172 367 rar.

633 250 811 345 couunur.
834 284 867 340 m
888 282 968 339 nst.
991 284 1019 340 s.
1040 284 1232 341 aureorum.

1704 289 1755 348 trs

115 408 170 464 nali
183 404 313 476 spiritalis
327 402 444 458 eflicitur
464 403 554 467 homo,
574 410 601 456 et
618 410 774 457 sanctorum
785 399 905 453 omnium
920 403 945 460 Α
959 399 1036 454 nobis
1050 399 1221 470 eleemosyna
1237 398 1329 454 libenti
1344 399 1434 453 animo
1448 399 1504 466 liat,
1518 401 1698 459 lrortatrruos
1713 406 1754 463 di-

114 509 142 557 et
155 497 312 569 augelorum
329 494 502 565 conjungitur
513 496 606 550 ebore.
642 494 676 548 Et
688 494 747 547 ideo
760 507 774 544 a
787 492 858 545 bono
869 491 909 561 je-

111 587 220 660 junium
234 587 381 641 amandum
395 594 437 640 est
452 586 596 640 nrouaelro.
631 585 684 639 Sed
698 586 761 652 quia
773 583 907 652 jejunium

113 678 271 733 universam
285 691 344 731 csse
358 675 474 730 diximus
486 675 609 744 corporis
622 673 839 743 castigationem,
854 686 908 725 non

113 775 157 821 est
172 765 359 821 tantummodo
373 763 552 834 jejunandum
568 779 582 816 a
596 761 816 832 concupiscentia
837 761 910 815 cibo

114 857 241 924 rum,sed
254 857 288 910 ab
299 856 372 909 orrrrri
389 856 480 910 laetitia
491 857 677 927 temporalium
688 856 905 910 delectationum.

114 950 143 1005 Si
160 949 231 1003 cuim
247 948 384 1005 lromiuem
397 957 483 1003 toturn
502 950 560 1004 baec
572 949 670 1013 virtus,
695 963 755 1016 quae
770 947 909 1000 abstinen-

114 1043 152 1096 tia
170 1041 279 1100 dicitur.
289 1040 453 1106 sanctificat,
469 1056 522 1095 nun
536 1041 622 1095 solum
634 1039 752 1109 corpori,
770 1038 908 1093 sedetiam

115 1134 212 1187 auinrae
227 1132 382 1186 necessaria
398 1139 449 1197 est,
465 1131 527 1200 quia
543 1131 629 1186 omnis
646 1132 726 1184 lromo
738 1145 770 1184 cx
795 1142 909 1197 corpote

115 1232 223 1277 constat
249 1230 277 1276 et
299 1223 399 1276 anima.
425 1222 463 1276 Ea
489 1232 578 1277 autem
595 1221 726 1291 spiritalis
740 1228 821 1291 atque
847 1235 909 1289 per-

115 1313 186 1370 lecta
200 1322 242 1369 est
254 1316 429 1381 abstinentia,
444 1332 505 1385 quae
517 1331 570 1370 non
584 1325 637 1369 tam
654 1315 687 1369 ab
703 1315 838 1370 illecebris
849 1330 909 1369 car-

115 1407 219 1461 nalium
244 1405 411 1476 voluptatum
434 1422 546 1476 qrrama
569 1407 689 1474 peccaris
708 1404 910 1459 omuibuslacit

115 1489 257 1549 hominum
271 1492 397 1548 alienum.
425 1492 488 1550 ttae
497 1495 593 1559 virtus,
606 1510 668 1549 eum
679 1493 805 1549 onrrribus
818 1508 910 1546 neces

115 1582 188 1639 saria
201 1583 247 1649 sit,
268 1583 385 1637 maxime
400 1583 453 1639 illis
482 1583 643 1640 latrriliarior
665 1592 708 1638 est
727 1598 843 1652 quorum
865 1589 908 1636 cst

114 1690 164 1729 cor
177 1690 259 1728 unum
274 1684 302 1727 et
315 1674 405 1728 anima
429 1688 482 1728 una
496 1674 593 1729 diuinae
608 1675 751 1729 charitatis
771 1674 832 1744 igne
844 1689 907 1728 cou-

959 505 1039 544 cens:
1057 490 1131 544 Bono
1155 501 1192 544 est
1212 493 1297 544 oratio
1322 509 1381 544 curn
1404 493 1509 564 jejunio
1533 505 1556 549 ct
1577 495 1752 568 elecurospuu,

958 598 1016 651 quar
1030 600 1045 633 o
1058 591 1139 634 morte
1154 581 1255 645 liberat,
1273 592 1296 636 ct
1307 594 1413 652 peccota
1423 597 1517 655 perpet
1532 585 1608 658 (rot.
1620 589 1682 659 mr).
1696 589 1754 645 lloc

959 672 1030 726 enirn
1045 673 1126 725 lrabet
1140 681 1243 725 tanturn
1256 673 1355 726 lrouuur
1369 677 1504 742 possessio
1517 693 1620 742 rerum,
1636 680 1658 732 si
1671 680 1753 733 ritaur

959 762 1064 816 reliciat
1080 762 1251 816 miserorum.
1279 762 1336 816 Nou
1355 779 1419 835 ergo
1445 768 1521 820 nolris
1534 769 1622 822 oberit
1646 769 1754 825 divitia·

960 865 1021 903 rum
1035 850 1208 921 congregatio
1219 849 1302 917 iusta,
1317 852 1339 905 si
1356 852 1468 906 adiuerit
1486 855 1641 912 distributio
1666 857 1751 930 larga.

959 940 1093 993 [tebenrus
1118 954 1151 992 ex
1167 940 1218 993 illis
1232 957 1329 994 munus
1350 943 1545 999 misericordiae
1559 949 1652 1018 egenis
1667 951 1754 1018 porri·

959 1045 1033 1098 gere,
1048 1044 1195 1098 pauperum
1211 1031 1294 1085 etiam
1309 1033 1583 1104 nuditatemoperire,
1595 1041 1754 1109 peregrino-

960 1136 1020 1173 rum
1039 1121 1156 1188 inopiam
1173 1121 1308 1191 supplere,
1331 1125 1494 1193 pupillorum
1513 1128 1649 1182 miseriam
1665 1130 1754 1184 detur⁴

959 1227 1033 1281 gere,
1052 1212 1230 1266 esurientium
1248 1213 1346 1269 lumem
1362 1217 1500 1285 repellere,
1516 1219 1664 1274 sitientium
1678 1221 1753 1275 sitirn

959 1299 1064 1372 fugare,
1087 1311 1114 1357 et
1134 1304 1329 1358 inlirmantium
1348 1307 1482 1362 desideria
1509 1311 1644 1380 supplere.
1685 1310 1752 1367 Cum

960 1412 1056 1467 magna
1076 1412 1141 1467 crgo
1161 1399 1258 1453 mentis
1279 1399 1421 1454 alacritate
1442 1404 1604 1470 pauperibus
1624 1406 1754 1460 debemus

959 1487 1160 1559 eleemosynam
1182 1489 1265 1554 dare,
1290 1491 1353 1559 quia
1375 1492 1425 1561 ipsi
1446 1492 1560 1547 Domino
1585 1495 1664 1548 datur
1682 1497 1754 1564 quod

960 1576 1082 1631 hilariter
1094 1578 1258 1647 pauperibus
1270 1590 1406 1648 erogatur.
1446 1583 1505 1652 lpse
1517 1584 1590 1636 eninr
1613 1583 1752 1651 Dandum,

961 1667 1006 1736 qui
1019 1683 1033 1721 a
1045 1668 1148 1723 dextris
1164 1667 1222 1738 ejus
1232 1679 1321 1734 erunt,
1336 1670 1459 1728 dicturus
1469 1681 1510 1727 est
1521 1674 1548 1727 irr
1559 1675 1680 1745 juditio:
1704 1677 1755 1732 Vc-

115 1762 189 1817 llata.
217 1762 320 1829 Quibus
334 1764 371 1816 ita
384 1761 413 1816 lrt
427 1778 478 1816 uua
491 1763 556 1827 rita,
573 1764 643 1817 sicut
655 1770 697 1817 est
711 1779 764 1817 uua
781 1763 909 1816 substau-'
922 1743 945 1802 Β
961 1759 1024 1824 uite,
1041 1758 1167 1812 benedicti
1185 1757 1275 1815 Patris
1286 1763 1348 1827 mci,
1371 1763 1493 1833 percipite
1509 1780 1616 1832 reanum
1634 1767 1703 1836 quod
1714 1784 1755 1821 eo·

115 1854 165 1919 tia,
194 1852 258 1922 quia
277 1851 400 1907 utfieret
424 1860 452 1907 et
470 1863 543 1907 esset
566 1853 717 1907 anirnururn
736 1860 907 1906 sauctacon·
959 1847 1187 1917 disparatumcst
1212 1852 1473 1922 uderipinenrnndi.
1508 1854 1576 1919 Quia
1599 1857 1703 1918 cerri-ini,
1729 1865 1753 1910 et

112 1946 229 2017 junctio,
246 1946 400 2002 necessasia
414 1955 456 2000 esi
479 1945 637 2000 facultatum
650 1944 771 2012 judicata
786 1960 907 2000 commu·
958 1939 1065 1992 dedistis
1089 1940 1153 1994 milri
1178 1941 1349 2007 munducare,
1372 1943 1443 1996 sitici
1462 1953 1487 1996 et
1503 1944 1611 1999 dedistis
1632 1947 1697 2000 milri
1715 1947 1755 2001 tr·-

113 2038 172 2092 nio.
196 2035 340 2101 Caeterum,
364 2037 428 2108 quid
446 2037 558 2107 prodest
577 2035 648 2105 quod
665 2035 807 2091 facultates
817 2034 908 2104 abjici·
959 2028 1028 2094 bere,
1044 2038 1097 2084 etc.
1114 2029 1221 2099 (iltutlr.
1246 2032 1321 2103 xxv)-
1343 2032 1480 2089 Christum
1494 2036 1567 2089 euiru
1580 2039 1607 2089 in
1621 2047 1753 2094 aurnum

114 2141 187 2192 mus,
208 2126 231 2182 si
247 2127 396 2197 uoluptates
409 2128 533 2196 proprias
544 2143 597 2180 rrou
612 2126 805 2195 relinquimus?
820 2126 906 2192 Quam
959 2119 1088 2175 babemus
1109 2123 1311 2189 retributorem,
1335 2126 1359 2179 Si
1373 2142 1423 2196 pto
1449 2127 1494 2181 illo
1515 2131 1678 2198 patruelibus
1690 2147 1755 2201 por·

113 2216 309 2272 abstinentiam
320 2218 343 2272 si
355 2217 442 2272 Adam
454 2219 482 2272 in
494 2218 620 2287 paradiso
635 2216 773 2282 voluisset,
788 2231 839 2272 nec
851 2224 907 2270 sta·
960 2213 1081 2267 reximus
1096 2230 1203 2284 panem.
1229 2217 1270 2270 Ab
1284 2216 1328 2271 illo
1340 2227 1470 2272 aeternam
1491 2222 1683 2289 consequimur
1706 2223 1755 2278 tui·

114 2315 172 2361 turn
190 2306 324 2362 felicitatis
336 2308 483 2372 amitteret,
500 2323 550 2363 nec
564 2309 744 2376 corruptionis
757 2324 790 2362 ae
808 2315 907 2363 incrta·
959 2303 1146 2368 sericordiam,
1164 2306 1187 2359 si
1201 2322 1250 2376 pro
1262 2307 1307 2361 illo
1324 2308 1432 2376 plenam
1444 2311 1646 2379 porrexerimus
1658 2311 1753 2369 dexe-

114 2397 200 2453 litatis
223 2399 373 2452 infelicitati
401 2400 563 2469 subjaceret.
595 2400 661 2466 Quis
678 2401 750 2453 enim
763 2407 853 2469 potest
867 2400 908 2455 di-
958 2411 1028 2449 ram·
1060 2396 1160 2451 Demus
1178 2400 1350 2469 ergoeibum
1368 2409 1396 2455 et
1420 2408 1524 2470 potum,
1549 2410 1580 2456 ut
1593 2417 1656 2457 cum
1668 2401 1756 2459 Abra·

113 2506 179 2546 cere
189 2503 287 2561 quanta
295 2491 364 2546 bona
373 2492 412 2544 illi
420 2492 613 2546 incontinentia
622 2491 773 2554 sustulerit,
785 2491 856 2560 quod
865 2491 907 2545 in·

115 2582 275 2641 tellectualis
286 2583 384 2637 urentis
394 2583 552 2654 dignitatem
564 2582 665 2645 amisit,
679 2580 751 2650 quod
763 2582 907 2652 imaginem

114 2662 158 2725 sui
169 2672 299 2725 creatoris
322 2671 461 2740 perdidit?
492 2669 565 2724 lstud
579 2670 713 2741 improbat
727 2669 908 2741 llieruuymus

115 2758 145 2815 iu
157 2759 278 2829 epistulis
300 2760 357 2815 suis
382 2759 583 2829 reprebendens
596 2758 750 2829 origenem,
774 2760 820 2830 qui
836 2759 907 2815 idenr

115 2851 266 2906 asserebat.
290 2849 348 2904 Nou
362 2851 435 2905 euim
446 2852 482 2905 ibi
495 2851 661 2919 inquietabat
673 2851 785 2906 molesta
806 2851 907 2907 sollici-

960 2487 1034 2551 lram,
1046 2486 1122 2542 lsaae
1135 2495 1163 2542 ct
1176 2485 1260 2542 Jacob
1273 2489 1306 2543 ad
1322 2490 1475 2544 castritium
1493 2505 1647 2545 mereamur
1658 2506 1755 2561 perre-

959 2575 1018 2629 nire
1031 2586 1175 2641 aeteruum,
1188 2584 1217 2628 ut
1232 2575 1286 2630 illie
1311 2579 1474 2646 recipiamus
1485 2593 1536 2647 pro
1548 2579 1663 2634 terrenis
1675 2579 1756 2634 coele·

958 2663 1751 2738 stia,protemporalibussempiterna,prourodicismagna,

957 2766 1008 2820 pro
1021 2751 1130 2806 caducis
1144 2753 1341 2820 permanentia,
1356 2770 1406 2824 pro
1420 2756 1621 2810 transeuntibus
1632 2771 1755 2825 perman-

959 2857 1033 2897 sura.
1061 2843 1108 2898 Est
1116 2843 1187 2897 aliud
1203 2849 1382 2917 eleemosynae
1396 2861 1481 2917 genus
1491 2847 1578 2912 duale,
1591 2864 1645 2918 quo
1655 2847 1755 2903 debent

116 2940 193 3006 tudo,
219 2956 273 2994 non
294 2941 426 3012 fatigabat
442 2942 521 2997 labor
537 2942 646 3007 auxius,
664 2957 716 2996 non
737 2941 908 3011 opprimebat
959 2933 1076 2989 maxime
1089 2936 1212 2989 merraelri
1224 2951 1356 3006 pauperes
1369 2953 1504 2994 recreare.
1532 2940 1653 3006 Quorum
1669 2957 1775 2996 unum·
1829 3011 1835 3022 ι

114 3045 240 3096 somnus,
255 3048 308 3086 nou
323 3033 508 3088 timorruortis
525 3034 654 3102 augebam
669 3033 786 3087 babebat
799 3033 905 3089 facilem
959 3024 1075 3080 infirmis
1093 3033 1120 3079 et
1137 3026 1285 3092 tribulatis,
1297 3028 1370 3081 aliud
1383 3043 1449 3085 reru
1460 3031 1550 3085 stultis
1563 3042 1590 3087 et
1605 3032 1753 3088 nescienti-

114 3118 336 3190 rictuur,corpus
348 3137 455 3188 sanum,
469 3121 645 3191 tranquillum
658 3133 908 3187 rrrotum,cormun-
958 3115 1060 3170 busesl
1074 3116 1266 3170 adhibendum·
1310 3116 1362 3184 Qui
1384 3119 1457 3172 essim
1475 3118 1589 3175 infirmis
1613 3136 1661 3189 per
1683 3136 1755 3176 60ῐῦ-

115 3210 192 3281 dum,
222 3213 331 3284 ignarus
350 3216 424 3281 man,
440 3216 575 3270 pappam,
594 3215 723 3285 paradisi,
736 3230 833 3284 expers
845 3230 908 3285 pec.
958 3206 1114 3275 passionem
1139 3207 1331 3272 communicat,
1349 3217 1377 3263 et
1405 3209 1540 3266 tribulatis
1560 3212 1753 3270 consolationis

115 3300 183 3368 cati,
202 3317 285 3371 capax
310 3302 368 3359 Dei.
389 3305 530 3360 Postremo
542 3305 605 3374 quid
624 3320 657 3360 co
672 3303 776 3359 felicius
787 3305 848 3372 luit,
864 3305 907 3359 eui
959 3298 1102 3352 eonsilium
1114 3299 1312 3363 subministrat,
1325 3301 1383 3355 siue
1396 3301 1478 3356 dubio
1488 3317 1621 3372 pauperes
1637 3311 1752 3359 recreat.

114 3399 177 3447 emt
193 3393 265 3449 urbis
287 3394 436 3463 suppecias,
457 3395 547 3450 nultus
570 3395 907 3472 insesqus‚1iheranrmug‚
960 3387 1090 3441 Similiter
1099 3388 1179 3455 etqui
1189 3389 1342 3443 doctrinam
1354 3390 1455 3455 stultis,
1469 3401 1496 3445 et
1511 3394 1750 3450 scientiarerbutrt

115 3492 146 3540 et
158 3484 368 3543 risibilisDeusi
382 3489 472 3543 Potuit
487 3504 551 3558 ergo
565 3490 600 3541 ita
616 3489 708 3542 ridere
717 3487 802 3542 Deum
820 3489 909 3557 prius-
959 3479 1095 3533 ministrat
1119 3479 1231 3549 ignatis,
1255 3480 1460 3550 elfflfflost'ttffl'ii
1474 3484 1571 3553 diguus
1581 3493 1624 3539 esi
1647 3487 1756 3542 laudati

115 3591 198 3646 quam
212 3587 352 3645 peccasset
365 3579 462 3644 Adam,
478 3581 549 3634 sicut
562 3593 624 3632 eum
636 3579 723 3634 sancti
748 3579 909 3648 patriarchas
959 3570 1112 3642 ptaefflssiis·

115 3665 254 3720 uiderunt„
281 3665 334 3722 Sed
346 3677 486 3737 postquam
499 3667 536 3722 illi
551 3668 708 3723 inobediens
723 3665 785 3730 suit,
801 3667 909 3722 ridendi
996 3662 1038 3717 15.
1060 3664 1171 3719 Nudum
1185 3667 1276 3721 restire
1290 3665 1358 3738 (lau.
1375 3683 1452 3735 arur,
1468 3667 1652 3742 liniturus).
1674 3669 1752 3726 Sicut

116 3769 180 3810 eum
203 3754 340 3811 licentiam
364 3758 464 3823 amisit.
491 3758 525 3812 Et
551 3757 715 3828 ideojejunii
736 3759 849 3813 amanda
866 3765 909 3814 est
959 3753 1271 3826 estnuditascorporis,
1291 3765 1374 3812 estet
1398 3759 1506 3815 nuditas
1524 3761 1632 3816 animae.
1666 3761 1752 3819 Nudi-

115 3844 327 3911 abstinentiam
341 3846 398 3902 bare
414 3849 504 3905 omnia
518 3863 577 3916 quae
590 3848 757 3917 perdidimus
768 3850 795 3903 in
808 3848 907 3917 Adam,
960 3856 1002 3903 tas
1021 3850 1142 3918 corporis
1157 3858 1197 3906 cst
1213 3865 1307 3905 carere
1322 3852 1450 3917 restibus,
1469 3854 1753 3911 nuditasreroanimm

116 3933 146 3990 iu
169 3935 278 3991 Clrristo
292 3952 346 3992 non
366 3939 498 4007 peritura,
517 3939 564 3992 sed
582 3953 782 4008 consequamur
793 3949 905 3995 aeterna.
959 3953 1055 3994 carcre
1069 3939 1226 3993 virtutibus
1251 3939 1322 4010 Ergo
1336 3941 1409 3995 sicut
1421 3957 1519 4010 corpus
1533 3945 1663 4009 restibus
1675 3946 1712 3999 ita
1726 3955 1754 4001 et

155 4027 198 4082 tt.
215 4026 347 4097 Pauperes
356 4046 473 4082 recreare
484 4029 559 4101 (Tol.
569 4029 617 4100 iv).
627 4029 826 4087 Convenienter
835 4031 907 4086 enim
960 4028 1077 4081 arrimam
1089 4027 1217 4081 debemus
1236 4029 1335 4082 restire
1348 4029 1502 4085 uirtutibus.
1520 4031 1630 4086 iustitio
1646 4034 1753 4088 indutus

116 4134 169 4174 uos
186 4126 247 4188 post
258 4119 353 4195 jejunii
366 4134 485 4175 amorem
506 4121 540 4175 de
557 4136 705 4189 pauperum
721 4122 849 4176 admouet
865 4138 909 4177 rc·
959 4135 1027 4183 sunt,
1054 4116 1164 4179 aitlob,
1190 4120 1324 4174 ctrcstirit
1341 4138 1391 4186 ure,
1418 4123 1484 4174 sicut
1500 4124 1690 4179 uestirrrerrtmrr.
1719 4127 1754 4183 Er

115 4209 266 4276 creatione,
290 4212 429 4281 quiaiunc
451 4212 552 4283 optime
574 4211 729 4280 jejunamus
742 4214 849 4283 quando
875 4229 907 4268 qa
959 4207 1190 4276 pt'Ophcltttlicil:
1210 4207 1658 4281 ittdttittltet¹cslitttertlesuittlis,el
1675 4216 1754 4270 indu·

117 4317 179 4370 quar
194 4302 278 4357 rerrtri
294 4303 477 4357 subtrahimus
488 4304 651 4373 pauperibus
664 4319 817 4374 erogaturus.
839 4303 908 4358 llinc
959 4310 1045 4353 ruente
1051 4299 1227 4368 jucunditatis
1239 4300 1410 4356 circumdedit
1427 4319 1467 4357 ute
1479 4303 1546 4376 (lsu.
1557 4306 1624 4377 uxr).
1646 4307 1693 4362 llis
1703 4325 1753 4362 an·

115 4394 248 4464 propbeta
262 4409 311 4448 nos
327 4394 453 4449 admonet
467 4396 559 4449 dicens
571 4409 578 4447 z
592 4394 762 4463 Sanctificate
771 4395 906 4464 jejunium
922 4422 947 4480 D
962 4397 1016 4442 tem
1032 4397 1060 4442 ct
1076 4388 1209 4444 similibus
1235 4392 1353 4446 restibus
1367 4402 1396 4447 et
1421 4408 1450 4448 se
1466 4405 1492 4448 et
1520 4396 1586 4451 alios
1605 4398 1685 4453 debet
1702 4415 1752 4455 re-

118 4483 200 4555 (luet.
217 4483 248 4556 r).
272 4484 310 4539 Ae
322 4485 344 4539 si
357 4486 479 4540 diecret:
500 4486 577 4554 Quod
604 4495 726 4556 tempore
743 4484 851 4556 jeJuuii,
879 4492 909 4537 ut

117 4571 264 4648 affligatur,
278 4575 575 4646 subtrabitureurpori,
595 4593 645 4647 pro
655 4576 872 4631 sanctificatione
882 4583 910 4630 et

116 4666 307 4721 benedictione
317 4668 414 4721 animae
424 4669 554 4739 porrigite
566 4670 688 4739 pauperi.
717 4667 854 4738 Scriptum
868 4675 911 4722 est

117 4756 212 4810 eninr:
236 4753 351 4828 Pauperi
378 4759 482 4829 porripc
499 4775 607 4811 raterium
629 4768 714 4823 tunm,
737 4766 764 4810 ιιι
787 4757 910 4826 proficiet

117 4847 272 4917 propitiatio
285 4858 308 4901 et
319 4848 462 4901 benedictio
485 4858 531 4902 teu
556 4846 715 4919 (Ecdinii).
742 4847 774 4900 Et
790 4848 908 4901 iterum:

118 4933 186 5000 Fili,
207 4934 398 5007 eleemosynam
426 4937 547 5008 pauperis
569 4954 599 4990 nc
622 4936 745 5006 fraudes,
769 4945 792 4988 ct
819 4935 909 4988 oculos

119 5037 179 5080 tuos
205 5044 236 5081 nc
259 5039 390 5083 euertuse
405 5045 531 5100 paupere.
553 5030 675 5083 Arrirrtnrn
702 5029 857 5082 esurientem
879 5044 911 5082 ne

119 5114 277 5186 despexeris,
298 5127 323 5172 et
350 5134 395 5171 cor
408 5120 492 5189 inopis
507 5135 539 5173 ne
564 5120 696 5190 afflixeris.
726 5116 788 5170 Non
809 5127 910 5171 urentes

109 5205 216 5275 {eciem
235 5214 307 5259 tuam
322 5206 354 5260 ab
366 5224 456 5278 eperia,
480 5217 503 5261 et
516 5209 548 5261 ab
562 5208 638 5276 inope
663 5204 753 5260 oculus
768 5216 836 5259 tuos.
862 5205 911 5260 De⁴

120 5296 191 5350 cline
209 5300 319 5368 pauperi
336 5316 427 5354 eurem
440 5310 527 5365 tuoni,
551 5309 575 5352 et
597 5298 675 5351 redde
687 5298 802 5351 detritum
825 5306 909 5352 trtrtm.

121 5386 235 5459 Propter
244 5391 399 5445 mandatnm
415 5408 519 5445 assume
536 5408 686 5462 pauperent,
710 5398 733 5444 et
755 5399 860 5460 propter
871 5388 913 5441 irr-

120 5479 210 5549 opiem
234 5480 292 5550 cius
319 5498 350 5536 rte
363 5482 481 5537 dimittas
494 5481 569 5536 illurn
584 5497 703 5546 circuunt,
727 5481 771 5534 sed
786 5477 912 5533 conclude

120 5570 312 5643 eleemosynam
323 5575 350 5626 in
360 5575 419 5629 sirau
432 5575 564 5645 pauperis,
577 5583 601 5627 et
614 5575 657 5627 ltic
671 5574 756 5627 orubit
775 5590 821 5643 pro
839 5582 862 5626 te
877 5571 912 5625 ed

116 5658 265 5742 ¹[lentinum
279 5661 424 5738 (Ecclinr).
451 5664 571 5736 liaplracl
582 5679 688 5735 quoque
710 5665 829 5735 angelus,
852 5672 912 5718 uta

962 4480 1028 4535 stire
1057 4481 1215 4535 monaclrus.
1248 4481 1333 4535 Adam
1351 4499 1414 4538 rere
1428 4501 1490 4538 cunr
1509 4498 1649 4556 peccasset
1661 4491 1687 4544 iu
1703 4506 1750 4562 pa-

961 4569 1063 4633 radiso,
1091 4570 1188 4624 animae
1204 4587 1256 4625 non
1279 4574 1402 4642 corporis
1415 4576 1532 4643 perdidit
1550 4579 1750 4635 uestimentum.

962 4658 1165 4714 Perdiditeuim
1179 4660 1372 4729 innocentiam,
1400 4666 1631 4726 immortalitatem
1651 4681 1679 4726 et
1692 4673 1752 4744 glo·

963 4751 1041 4807 riarn.
1062 4744 1169 4804 Nauiet
1182 4750 1225 4806 ille
1240 4752 1285 4820 qui
1301 4753 1334 4808 de
1347 4752 1497 4812 ierusalem
1521 4758 1702 4818 descendebat
1724 4765 1754 4820 in

961 4839 1080 4905 lerielro,
1105 4843 1202 4897 animae
1220 4845 1340 4901 restibus
1354 4849 1485 4917 spoliatus
1503 4861 1571 4906 esta
1589 4853 1751 4915 latronibus.

962 4932 1116 4986 vestiamus
1139 4946 1204 5003 ergo
1231 4937 1409 5007 corporaliter
1431 4955 1563 5009 pauperes
1582 4947 1668 5002 nudos
1691 4964 1755 5005 eunt

962 5038 1058 5093 magua
1072 5023 1224 5090 alacritate,
1236 5027 1298 5095 quia
1311 5028 1399 5096 ipsum
1413 5031 1555 5087 llominum
1566 5038 1663 5096 caindc
1679 5050 1753 5096 tene·

961 5113 1050 5167 bimus
1064 5115 1238 5183 creditorem,
1252 5127 1280 5171 ct
1305 5118 1411 5175 fidelem
1426 5122 1587 5182 habebimus
1607 5131 1752 5187 retributo·

962 5223 1029 5262 renr.
1066 5207 1124 5278 lpse
1139 5211 1211 5264 enim
1238 5212 1358 5268 dicturus
1373 5224 1415 5270 est
1433 5217 1504 5274 inter
1530 5231 1627 5276 caetera
1652 5224 1749 5279 uobis:

967 5297 1065 5365 Verrito,
1081 5300 1207 5355 benedicti
1220 5299 1309 5357 Patris
1337 5307 1397 5373 nrei,
1420 5312 1543 5380 percipite
1558 5327 1664 5380 requam
1680 5313 1750 5382 quod

960 5388 1032 5443 rolris
1043 5399 1165 5458 paratum
1186 5401 1223 5444 est
1239 5392 1270 5446 ab
1291 5396 1390 5465 oripine
1411 5399 1511 5462 ntundi,
1523 5399 1583 5468 qrtiu
1595 5397 1680 5452 nudus
1699 5399 1747 5468 itti,

961 5488 985 5534 et
998 5480 1168 5549 cooperuistis
1184 5498 1224 5535 nte
1245 5483 1352 5555 (rlluttlr.
1369 5488 1443 5560 aar).
1466 5488 1618 5542 l'estiamus
1632 5499 1750 5545 uosmet-

962 5571 1034 5640 ipsos
1050 5570 1307 5630 virtutibussanctis
1330 5576 1453 5639 interius,
1477 5577 1540 5644 quia
1560 5577 1625 5631 nibil
1639 5581 1750 5647 prodest

963 5662 1082 5717 restilus
1097 5663 1195 5718 restire
1210 5664 1304 5735 alium,
1319 5666 1530 5737 etsemetipsum
1545 5667 1689 5726 rirtutllrus
1705 5686 1750 5729 re·
1798 5736 1812 5743 „
