3810 6120
76 328 135 385 309
489 323 748 382 custoditurus
765 324 799 378 lb·
821 323 1074 381 missnensem
1093 325 1298 383 erubuistis.
1656 329 1720 387 tto

77 445 178 498 fissan
196 439 297 495 seculi.
324 439 377 494 iste
399 438 470 494 enim
495 452 623 494 uumerus
644 440 712 493 lrnnc
737 447 871 507 tempora·
884 438 909 495 ,l
921 452 981 505 «pum
993 438 1082 493 Patris
1093 447 1166 506 sunt,
1177 439 1224 494 sed
1241 455 1293 494 nou
1310 440 1525 511 expediatnosse
1538 439 1708 507 mortalibus,

79 535 134 590 lem
153 542 346 601 terrenamque
364 530 466 593 vitam,
484 529 527 583 rel
545 537 655 599 propter
673 535 789 596 quatuor
806 527 869 580 orriri
921 535 953 581 ut
973 542 1080 599 sempor
1099 530 1192 586 incerti
1215 531 1248 585 de
1269 532 1384 586 adventu
1401 529 1511 599 judicis,
1530 531 1570 586 sic
1590 531 1711 601 quotidie

81 636 215 695 tempora,
234 622 277 677 rel
293 628 404 690 propter
422 627 537 689 qrratuor
552 627 646 675 uentos
658 618 720 673 coeli
735 618 867 688 designat.
920 617 1020 682 vivant,
1036 621 1112 688 quasi
1127 621 1169 675 die
1180 620 1232 675 alin
1245 620 1382 690 judicandi
1401 622 1464 675 sint.

81 713 148 769 Nam
174 720 316 783 postquam
335 708 433 779 sepulti
452 707 583 764 fuerimus
605 723 668 764 cum
689 707 799 764 Christo
823 721 870 776 per
955 704 1008 759 Sed
1018 709 1150 776 competis
1161 711 1492 780 uirtutensnpemenientis
1501 710 1616 780 Spiritus
1626 709 1711 763 suncti

81 805 245 876 baptismum
261 802 289 856 io
301 800 486 869 morto,quasi
496 799 580 853 iiubri
597 801 681 855 maris
698 798 765 855 cslle
782 807 870 852 trans-
920 797 946 850 in
962 813 1015 861 tus,
1031 807 1083 852 ete.
1110 798 1297 868 Superveniet,
1313 802 1408 871 inquit,
1422 803 1448 856 in
1460 817 1508 856 vos
1521 800 1638 871 Spiritus
1650 816 1713 855 sun-

82 896 136 959 ito,
163 891 350 948 necesmrium
373 889 409 943 in
427 889 479 943 bae
497 888 641 944 solitudine
660 888 765 944 bomiri
783 887 868 942 babe-
920 896 998 944 ctus:
1017 905 1188 961 nequaquam
1200 907 1312 963 regnum
1325 892 1417 959 lsrael,
1431 894 1489 947 sire
1500 907 1612 964 regnum
1625 893 1671 946 bei
1684 893 1710 946 in

83 999 139 1039 mus
157 983 298 1045 ducatum,
315 978 361 1049 qui
380 992 431 1033 rios
448 978 483 1032 ad
496 977 616 1033 eoelesua
634 991 716 1049 regna
730 976 869 1047 perducat,
920 979 1011 1045 lsrael,
1028 989 1058 1035 ut
1074 983 1183 1067 putatis,
1204 980 1309 1048 afferet,
1325 983 1372 1037 sed
1387 983 1464 1038 robis
1480 984 1607 1038 uirtutem
1622 983 1656 1038 de
1668 999 1713 1039 nse

82 1086 106 1131 et
120 1073 250 1146 imaginis
265 1087 321 1126 sue
338 1069 450 1125 denario
468 1083 643 1123 remunerans
655 1068 798 1138 presentia
812 1081 870 1120 sun·
921 1072 1084 1128 testificandi
1102 1073 1241 1143 prebebit.
1267 1073 1438 1143 Tantumque
1458 1076 1533 1145 regni
1553 1076 1624 1131 iliius
1644 1084 1712 1130 tem-

82 1168 115 1223 eti
129 1165 260 1234 Spiritus,
278 1162 356 1232 quasi
370 1159 538 1229 rerajnbilei
552 1160 642 1228 qrrietc
656 1157 801 1213 beatificet.
821 1157 870 1212 l'es
920 1176 987 1231 pora
1001 1161 1079 1234 longe
1092 1173 1167 1230 snut,
1179 1173 1210 1219 ut
1219 1165 1295 1234 prius
1309 1180 1363 1219 non
1375 1165 1462 1220 solum
1475 1167 1543 1222 banc
1558 1167 1712 1238 liierosely-

83 1271 166 1315 retem
188 1253 386 1326 baptizabimini
411 1249 512 1321 Spiritu
524 1261 615 1304 sunno
630 1267 681 1305 non
699 1260 755 1320 post
775 1250 870 1305 nruftes
920 1267 1025 1307 morum
1039 1255 1260 1320 urltem,=verum
1278 1268 1374 1310 omnes
1389 1255 1488 1317 luticiis
1507 1256 1593 1321 lines,
1614 1259 1713 1313 debinc

81 1353 125 1407 los
138 1347 219 1402 dies:
242 1343 363 1400 nondum
386 1341 493 1397 fueraut
513 1340 626 1412 apostoli
648 1341 793 1410 baptizati,
816 1357 869 1396 nen
920 1351 1010 1398 autem
1028 1353 1055 1398 et
1067 1347 1196 1415 proxime
1207 1355 1301 1416 gentes
1312 1344 1451 1407 Samariae,
1464 1354 1492 1400 et
1512 1348 1545 1402 ad
1556 1356 1710 1405 extremum

83 1453 170 1496 tamen
188 1453 271 1508 aqna,
293 1435 340 1491 sed
363 1432 467 1503 Spiritu
484 1441 590 1498 sancto,
610 1446 680 1504 qrros
697 1432 871 1503 intelligimus
920 1433 1081 1489 novissimos
1108 1451 1215 1505 (proque
1243 1451 1292 1506 per
1313 1436 1455 1490 circuitum
1475 1439 1567 1492 mundi
1583 1440 1713 1495 terminon

82 1533 130 1602 jam
140 1529 226 1584 foisse
239 1527 402 1597 baptizatos,
412 1523 470 1581 sire
483 1523 616 1594 baptismo
630 1523 752 1591 loannis,
762 1531 794 1579 ut
804 1541 871 1580 non·
921 1522 1057 1592 Evangelii
1075 1524 1145 1579 frium
1157 1535 1308 1595 percurrat.

83 1623 145 1679 nolli
160 1619 411 1682 arbitrantur,'seu,
426 1615 497 1686 qnod
515 1616 604 1688 magis
621 1615 751 1672 credibile
760 1625 812 1680 est,
824 1617 871 1670 ba-
955 1611 989 1667 m
1005 1630 1064 1667 cum
1084 1616 1140 1668 bne
1153 1615 1271 1682 dixisset,
1291 1616 1436 1671 uidentibus
1456 1617 1508 1672 iilis
1529 1617 1643 1672 elerutus
1663 1628 1712 1673 est.

82 1717 207 1787 ptismate
230 1710 342 1767 Christi,
370 1708 463 1789 Neque
485 1708 557 1764 enim
581 1707 761 1763 ministerium
781 1708 870 1779 inupti·
920 1704 1026 1760 blarcus
1050 1706 1158 1775 quidem
1180 1705 1260 1760 uliam
1282 1706 1390 1762 bomini
1409 1707 1575 1763 monitionem
1594 1725 1714 1766 renune-

83 1805 157 1860 zandi
177 1803 311 1866 defuerat,
334 1807 364 1855 ut
385 1800 497 1855 haberet
519 1798 671 1868 baptizatos
691 1814 800 1864 servos,
821 1814 870 1868 per
884 1783 907 1841 ii
921 1810 1032 1849 morans
1045 1797 1103 1851 ait.
1120 1796 1153 1850 b't
1168 1797 1295 1852 Dominus
1312 1799 1417 1868 quidem
1428 1799 1507 1854 iesus
1521 1810 1658 1869 postquam
1674 1799 1715 1854 fe-

83 1911 147 1967 rptos
157 1903 274 1951 eetems
289 1891 449 1962 baptizaret,
469 1891 532 1960 quia
554 1905 608 1943 non
627 1889 751 1944 defuerat
769 1903 870 1943 meino
920 1897 997 1939 cutus
1008 1897 1045 1941 est
1059 1888 1107 1951 eis,
1122 1898 1272 1957 assumptus
1283 1899 1320 1942 est
1332 1891 1359 1942 in
1370 1888 1471 1943 coelum.
1485 1889 1538 1944 Sed
1548 1891 1612 1959 quin
1625 1891 1713 1948 Lucas

83 1988 162 2043 nubile
174 1985 249 2040 iliius
256 1983 416 2039 humilitatis
429 1982 618 2042 ministerium,
632 1979 740 2049 qnando
754 1980 794 2033 eis
805 1980 871 2032 lnrit
920 1977 1116 2046 significantius
1128 1978 1245 2045 adiecit:
1259 1978 1325 2031 Cum
1335 1979 1390 2032 bue
1404 1978 1523 2044 dixisset,
1537 1980 1650 2035 eruturus
1663 1993 1713 2048 est,

83 2080 169 2150 pedes.
195 2076 264 2133 Cum
289 2090 354 2146 ergo
379 2075 481 2128 diceret
509 2072 650 2135 Dominus,
670 2071 733 2139 quia
752 2068 871 2124 loannes
920 2066 1040 2120 ostendit
1055 2066 1177 2135 profecto
1195 2066 1326 2136 illisquos
1338 2079 1598 2123 mirsinernorarernt
1610 2086 1714 2127 scritto·

82 2171 188 2242 quidem
202 2167 349 2238 baptizarit
359 2180 439 2235 anon,
456 2177 625 2232 nequequam
646 2161 803 2231 subjungit:
819 2162 871 2216 Vos
922 2157 1000 2212 nibus
1014 2157 1129 2227 expietis
1140 2157 1282 2212 bominum
1297 2158 1450 2212 ascendisse
1463 2159 1497 2214 ud
1509 2159 1602 2215 coelos.

81 2272 169 2316 autem
181 2257 364 2329 baptizabitis,
375 2256 433 2320 sed,
451 2252 500 2308 Vos
511 2261 597 2306 ortem
608 2249 802 2321 baptizabimini
813 2248 872 2319 Spi-
957 2247 991 2302 Et
1008 2248 1086 2302 nubes
1103 2247 1214 2318 suscepit
1232 2264 1291 2302 enm
1304 2248 1336 2302 ub
1352 2247 1434 2301 oculis
1449 2264 1550 2302 eorum.
1572 2249 1622 2306 Ubi
1638 2267 1714 2307 ercu-

80 2356 246 2407 ritrtsuncte.
274 2349 342 2416 Quia
358 2362 444 2416 neque
456 2343 568 2414 apostoli
582 2355 668 2410 neque
680 2356 810 2409 morraces
823 2356 870 2395 eo-
923 2353 983 2396 tura
996 2356 1045 2396 suo
1058 2340 1176 2395 creatori
1190 2348 1301 2409 prestat
1314 2339 1564 2409 obscqrriurrr,astra
1576 2343 1713 2398 indicunt:

79 2460 149 2510 mm,
166 2443 311 2512 quinisque
335 2439 415 2494 bodie
432 2436 570 2505 baptizant
590 2434 616 2488 in
635 2431 769 2494 Ecclesia,
792 2431 871 2485 aliter
923 2439 1079 2488 nascentem
1098 2431 1278 2494 obnubilant,
1310 2431 1444 2502 recipiunt
1463 2433 1549 2489 nubes
1567 2436 1717 2490 ascenden-

79 2548 162 2603 qnam
173 2529 302 2593 ioannes,
317 2528 408 2593 idest,
429 2527 456 2580 in
474 2539 544 2594 aqua
564 2523 702 2593 baptizare
715 2521 870 2590 praevaient,
923 2533 988 2588 teni,
1003 2523 1125 2579 redeunti
1140 2520 1314 2591 adjudicium
1328 2523 1541 2578 confitebuntur.

76 2625 243 2678 sedtamm
263 2620 389 2675 invocato
405 2615 506 2671 Cbristi
527 2615 646 2678 nomine,
667 2612 745 2665 adest
760 2611 872 2665 ulterior
959 2613 1025 2668 Ecce
1048 2615 1101 2668 duo
1132 2615 1182 2668 riri
1203 2615 1340 2668 astiterunt
1361 2615 1441 2685 juria
1474 2614 1534 2670 illos
1557 2618 1584 2671 in
1605 2619 1720 2674 restibus

76 2713 166 2767 virtus
186 2711 300 2782 spiritus
318 2707 414 2770 sancti,
429 2721 498 2775 qum,
511 2704 621 2759 bomine
636 2718 732 2770 aquam
748 2702 870 2756 tribuen-
922 2706 999 2759 ullis.
1011 2703 1085 2758 lllbae
1099 2713 1188 2758 restes
1200 2704 1356 2759 exultationi
1373 2708 1459 2776 magis
1472 2719 1715 2780 cougrnuutquam

76 2812 119 2865 te,
143 2802 342 2870 baptisatorum
359 2799 464 2852 animas
477 2795 556 2850 simul
569 2804 720 2864 etcorpora
736 2794 870 2864 purificet,
923 2795 1117 2858 insimulationi,
1139 2804 1167 2850 et
1192 2795 1252 2849 idco
1267 2796 1380 2849 borninu
1393 2799 1572 2865 ascendente,
1596 2802 1621 2854 in
1646 2804 1720 2856 nllus·

73 2895 148 2964 «prod
161 2890 316 2947 in'loanuis
328 2889 462 2959 baptismo
480 2901 533 2941 non
548 2886 644 2951 fiebut3
659 2886 794 2939 nonenim
815 2890 871 2939 erui
923 2888 1044 2942 restibus
1058 2887 1145 2958 augeli
1160 2897 1306 2956 apparent,
1322 2889 1367 2956 qni
1383 2897 1447 2941 nunt
1462 2889 1584 2955 ltorrrino,
1604 2893 1631 2946 in
1647 2895 1716 2947 illitis·

72 2986 186 3056 spiritus
200 2983 290 3049 dutus,
305 2982 367 3053 qttiu
379 2979 458 3035 lesus
472 2979 588 3033 nondum
605 2978 690 3047 fuerat
710 2978 871 3048 plurificatur
924 2978 1042 3034 restibus
1060 2993 1190 3049 apparere
1210 2994 1263 3033 non
1278 2980 1416 3046 diemrtur,
1431 2983 1493 3050 uprin
1509 2982 1554 3052 qui
1572 2984 1598 3036 iu
1615 2986 1715 3038 natisi-

72 3079 170 3151 (Juun.
182 3093 220 3133 ru
233 3078 254 3147 ).
924 3083 978 3127 ente
995 3089 1043 3127 sua
1062 3073 1187 3141 apparuit
1199 3072 1270 3127 Deus
1289 3073 1415 3138 humilis,
1440 3075 1466 3128 in
1486 3077 1643 3132 ascensione
1666 3094 1715 3133 sun

113 3173 201 3244 fpitur
212 3171 258 3242 qui
270 3177 442 3225 conuenerunt
457 3165 651 3235 interropobont
665 3181 723 3220 eum
735 3165 869 3218 dieentes:
884 3145 906 3205 C
922 3173 1047 3218 ustctrsos
1059 3172 1100 3217 est
1115 3164 1196 3218 borno
1209 3163 1341 3217 sublimis.
1373 3164 1439 3218 Num
1454 3174 1481 3218 et
1494 3164 1569 3220 loeus
1580 3168 1713 3237 eorrgruit,
1764 3221 1766 3226 ,

75 3261 241 3328 flemine,si
260 3260 418 3329 intempore
439 3257 488 3310 froc
508 3255 626 3309 restitues
647 3269 753 3324 ruprrrmt
774 3251 869 3306 lsrael.
924 3256 986 3309 dum
1013 3256 1037 3309 is
1067 3255 1113 3325 qui
1138 3255 1165 3308 in
1186 3255 1282 3310 bumili
1302 3256 1441 3310 civitatula
1464 3269 1545 3312 notris
1562 3267 1614 3323 est,
1636 3260 1723 3314 bomo

73 3353 212 3422 Quoniam
236 3365 374 3422 apparens
387 3349 427 3403 eis
450 3330 557 3403 idonius
580 3354 622 3400 esi
644 3345 677 3399 (ie
703 3359 784 3415 fssglw
811 3344 870 3407 liei,
923 3351 955 3404 de
969 3360 1059 3403 tnoute
1073 3349 1181 3404 sublimi
1196 3364 1335 3419 regressus
1347 3357 1388 3403 est
1401 3349 1434 3403 ai
1451 3350 1544 3404 eoelos.

69 3446 191 3518 ⁸s‘piritus
203 3456 310 3512 quemne
323 3440 408 3495 saneti
422 3454 474 3493 non
487 3445 546 3507 post
560 3437 729 3491 multosdies
748 3436 872 3506 promisit
960 3442 1010 3495 llic
1021 3442 1098 3495 lesus
1115 3439 1159 3510 (pri
1176 3449 1324 3508 assumptus
1343 3448 1380 3491 est
1394 3457 1410 3491 u
1422 3439 1492 3492 rolris
1509 3440 1536 3492 in
1553 3440 1656 3495 culum.
1675 3441 1716 3498 tib

76 3539 239 3602 adrentum
254 3543 449 3602 consequenter
462 3546 524 3586 enm
537 3532 570 3585 de
587 3530 681 3585 codem
706 3545 788 3600 regno
808 3545 869 3597 per·
922 3534 990 3587 duas
1002 3531 1061 3585 illas
1074 3545 1171 3584 cernas
1185 3527 1272 3596 angeli
1286 3527 1427 3581 ridentur:
1445 3537 1475 3581 ut
1485 3528 1609 3583 videlieet
1623 3544 1718 3585 ascon-

75 3634 251 3691 cunctantur,
264 3632 355 3679 etrum
369 3623 495 3678 videlicet
509 3637 572 3676 mox
590 3620 749 3675 adveniente
768 3619 871 3689 Spiritu
923 3624 1007 3679 sionis
1021 3621 1172 3685 tristitiam,
1188 3619 1367 3690 regressionis
1380 3621 1637 3675 corrrmememtionc
1651 3637 1718 3678 eou-

75 3726 184 3784 saucto,
200 3715 227 3770 in
241 3713 368 3785 presenti
386 3711 592 3775 redimentium,
608 3725 642 3763 1¹1¹
663 3709 689 3762 in
705 3708 796 3762 futuro
811 3723 872 3762 ⁸³³¹·
924 3715 1093 3778 solarentnr;
1108 3722 1138 3767 ut
1154 3719 1182 3767 ct
1193 3726 1258 3766 rere
1275 3712 1301 3765 in
1316 3710 1416 3768 eoelum
1429 3710 1503 3765 illum
1519 3712 1558 3767 ire
1577 3722 1713 3769 monstra-

77 3809 131 3864 ntis
141 3804 457 3863 reoenamnmcmdere
467 3802 595 3856 delicabi-
605 3799 872 3856 Curnaiesenimwi·
924 3814 994 3871 rcrrt,
1009 3812 1036 3859 ct
1051 3821 1104 3860 non
1118 3804 1196 3874 quasi
1212 3803 1238 3857 iu
1253 3803 1366 3866 coelnm,
1383 3802 1453 3857 sieut
1466 3802 1563 3856 Elium.

79 3903 133 3957 lrue
145 3898 270 3970 discipuli
284 3896 482 3953 resurrectione
501 3893 602 3950 Christi
621 3893 765 3963 completa,
785 3894 873 3948 eonti-
960 3895 1003 3951 Sic
1022 3898 1113 3960 uenter,
1131 3894 1352 3967 quemadmodum
1373 3893 1473 3947 uidistis
1490 3911 1548 3947 eunt
1566 3906 1667 3949 eurrtem
1689 3897 1723 3950 in

78 4008 135 4047 nuo
152 4005 264 4062 regum
281 3987 365 4043 lsrael
384 3988 530 4043 eredebant
551 4001 610 4041 csse
627 3994 783 4049 venturum,
795 3986 872 4056 juxta
924 3987 1026 4042 celum.
1047 3986 1076 4042 id
1095 3995 1147 4052 est,
1164 3987 1191 4040 in
1212 3985 1307 4040 cadem
1330 3981 1417 4038 formu
1438 3985 1529 4039 canus
1548 3994 1631 4054 utque
1652 3987 1717 4041 sub-

80 4083 155 4153 qund
164 4080 297 4150 cleopbas
308 4079 366 4132 ait:
381 4077 438 4132 llos
451 4087 539 4130 nutem
548 4075 729 4148 sperabamus,
739 4076 808 4146 quod
819 4077 874 4144 ipse
924 4077 1024 4131 stantia
1038 4076 1317 4145 rettietjodicntorus,
1340 4075 1366 4127 in
1388 4089 1440 4141 qua
1461 4079 1574 4127 renerut
1591 4073 1716 4143 judican-

80 4183 150 4229 esset
176 4173 356 4243 redempturus
382 4169 479 4235 lsrael,
501 4176 529 4223 et
547 4166 712 4240 evangeliste
732 4169 873 4237 premisit,
924 4170 991 4234 dos,
1014 4169 1058 4224 cui
1083 4166 1203 4237 proferto
1229 4167 1459 4221 inuuertalitatcm
1482 4167 1565 4232 dedit,
1591 4176 1715 4222 iratorum

83 4265 147 4335 quia
168 4264 282 4319 bornino
306 4260 519 4331 Hierosolymam
539 4268 654 4313 uenturo
674 4258 872 4321 existimarent,
925 4275 979 4313 non
999 4256 1120 4320 abstulit,
1141 4255 1218 4324 cujus
1235 4258 1317 4311 etium
1338 4256 1422 4326 gloria
1438 4256 1540 4322 divina,
1555 4275 1614 4328 qrrm
1631 4275 1717 4329 qrtou-

85 4357 156 4425 pund
181 4354 323 4411 confestim
351 4368 464 4424 regnum
488 4352 534 4406 bei
559 4349 788 4406 manifestaretur.
821 4349 873 4404 Sed
925 4348 987 4400 dnm
1009 4346 1035 4399 in
1058 4353 1149 4400 rnorrte
1172 4345 1259 4400 tribus
1283 4346 1421 4416 discipulis
1442 4349 1578 4418 apparuit,
1605 4361 1722 4420 peracto·

89 4448 225 4515 oportebat
237 4444 342 4514 impleri
356 4444 535 4514 prophetiam,
550 4458 602 4510 qua
614 4441 688 4497 Patri
702 4457 804 4497 currens
815 4441 872 4495 ait:
922 4435 1024 4503 judicio
1040 4435 1073 4489 nb
1092 4436 1219 4490 omnibus
1238 4437 1338 4491 sanctis
1350 4437 1494 4505 videbitur,
1511 4442 1619 4510 quando
1637 4442 1721 4497 tollo·-

93 4533 113 4585 T
115 4551 129 4586 ιι
145 4551 203 4590 rere
225 4535 345 4605 repulisti
367 4544 391 4588 et
413 4535 531 4603 sprevisti
549 4542 573 4586 et
594 4532 719 4586 distulisti
741 4532 873 4586 Christum
888 4512 912 4571 Ῑ)
927 4538 970 4582 tur
987 4529 1095 4599 impius,
1110 4544 1144 4583 nc
1158 4528 1249 4583 rident
1261 4529 1373 4598 gloriam
1388 4529 1462 4587 liei..
1753 4532 1757 4539 ’

97 4635 159 4680 ruunt
171 4626 256 4700 (isat.
269 4628 412 4698 crixum).
431 4625 540 4696 Repulit
549 4625 631 4687 enim,
644 4631 671 4678 ct
681 4622 873 4692 sprevitfrlium
1076 4639 1245 4678 nttuontttttt
1267 4640 1358 4689 unser,
1378 4640 1438 4680 car.
1456 4643 1567 4685 onrruo.

99 4722 174 4780 pater,
186 4718 294 4786 quando
305 4732 367 4772 eum
384 4718 410 4771 ln
427 4716 552 4785 passione
566 4714 686 4769 deseruit
700 4715 854 4781 loquentem
866 4730 888 4766 ε.
963 4737 971 4768 ι
984 4715 1213 4771 llecumbcntibus
1226 4716 1350 4770 undecim
1364 4716 1514 4788 discipulis,
1529 4722 1653 4791 apparuit
1664 4723 1717 4779 illis

99 4799 169 4869 θαι,
183 4805 253 4861 fleus
267 4823 349 4870 meus,
369 4823 450 4878 quare
465 4822 505 4859 nse
521 4804 683 4876 dereliquisti
708 4802 794 4874 (Psoi.
807 4801 877 4872 xiil?
930 4829 938 4860 ι
960 4806 1048 4870 lesus,
1068 4815 1096 4860 ct
1115 4806 1288 4875 exprobravit
1310 4807 1363 4861 iliis
1380 4809 1594 4867 increduiitatem
1610 4814 1723 4871 illorum

97 4885 305 4962 illuminantem,
318 4907 349 4952 nt
364 4912 443 4966 quem
455 4898 539 4952 saneti
558 4896 604 4952 illo
619 4906 739 4966 tempore
753 4905 877 4967 regnatn-
930 4919 939 4951 ι
961 4909 990 4954 et
1012 4899 1141 4953 duritiam
1166 4899 1272 4962 cordis,
1293 4899 1356 4966 qrrin
1377 4900 1418 4954 bis
1439 4896 1633 4971 qrri'virlrrant
1655 4921 1716 4962 eum

92 4986 771 5057 flitrrpotabant,enspectentindieiudiciiinsna
792 4987 876 5057 maje—
933 4990 1146 5045 «resurrexisse
1160 5004 1213 5043 non
1228 4988 1410 5044 erediderunt.
1423 4990 1456 5044 Iit
1467 4991 1534 5047 dixit
1547 4994 1718 5052 eistliumrs
1763 5003 1765 5007 ’
1846 4999 1848 5003 ’

82 5068 325 5132 siilorerrtururn.
351 5077 465 5133 Undeet
481 5078 538 5147 ipse
552 5077 683 5133 Dominus
703 5087 730 5134 et
750 5080 877 5149 spirituu-
933 5081 1147 5137 «inmundum
1184 5084 1340 5136 uniuersum
1368 5084 1512 5153 predicate
1544 5087 1717 5160 lirnrrgclium

75 5143 137 5216 len,
152 5168 245 5233 lsrucl,
259 5180 285 5223 et
301 5184 412 5240 regnum
422 5168 530 5224 coeleste
547 5183 563 5224 a
575 5170 714 5240 prophetis
726 5168 808 5226 foisse
819 5187 878 5240 pro·
933 5192 942 5223 ι
965 5172 1038 5226 onrrri
1050 5181 1190 5227 creaturus.
1203 5169 1253 5238 Qui
1267 5171 1413 5226 crediderit
1424 5182 1451 5228 et
1462 5173 1613 5245 baptizatus
1625 5177 1716 5243 fureris,

69 5246 200 5316 mi&snm
213 5263 354 5317 insinuans
367 5262 428 5316 ait:
934 5280 942 5310 r
966 5261 1055 5315 salsus
1073 5261 1135 5315 erit.
1155 5260 1205 5326 Qui
1224 5274 1359 5315 veronen
1378 5264 1534 5330 crediderit,
1555 5270 1715 5323 condemns-

114 5343 235 5406 mosen
247 5363 445 5406 restrmunosse
462 5362 577 5422 ternpore
593 5352 632 5405 uel
655 5362 797 5417 spernente,
817 5370 876 5423 pum
932 5371 941 5402 ι
965 5351 1046 5406 bitur.
1068 5350 1149 5421 Signa
1169 5360 1258 5405 utitem
1274 5356 1321 5407 ebs
1342 5355 1387 5421 orti
1409 5357 1582 5419 crediderint,
1597 5358 1652 5410 limo
1673 5373 1716 5410 se-

64 5409 172 5494 P‘iler
182 5442 267 5512 posuit
280 5443 309 5497 in
326 5459 376 5496 suo
387 5452 522 5512 potestate.
542 5442 624 5507 lilios,
644 5443 778 5512 inquiens,
800 5445 874 5514 regui
933 5462 941 5493 ι
964 5451 1091 5513 (putentur.
1106 5442 1133 5496 lu
1148 5442 1256 5497 nomine
1268 5458 1328 5498 mco
1341 5444 1472 5500 dmrrronia
1486 5446 1603 5512 ejicient,
1617 5445 1719 5515 linguis

65 5510 146 5586 ¹²⁰1
171 5542 305 5589 secretum
326 5543 431 5603 ternpus
455 5543 506 5598 est,
527 5543 557 5588 ut
576 5533 665 5588 Patris
690 5537 876 5590 tantummodo
932 5555 940 5585 ι
965 5536 1108 5605 loquentur
1130 5535 1215 5597 noris,
1233 5544 1373 5605 serpentes
1388 5538 1489 5592 tolient.
1512 5537 1580 5590 Etsi
1596 5539 1716 5590 infertile

67 5609 208 5679 imientim
226 5635 328 5695 putent,
349 5633 377 5677 et
401 5624 683 5692 qrrnnrlotlioit1ilerr
707 5634 743 5678 rst
762 5635 874 5678 restrum
932 5648 939 5678 ι
965 5644 1023 5682 rum
1037 5628 1100 5697 quiid
1118 5628 1244 5693 biberint,
1262 5630 1371 5684 truncis
1395 5629 1509 5683 nocebit.
1527 5629 1613 5697 Sopor·
1628 5645 1715 5701 mgrus

74 5702 166 5777 Ὦτα,
180 5717 297 5772 ‹tucrrdit
311 5718 380 5786 qnnl
392 5724 419 5770 rt
434 5716 489 5787 ipsc
510 5717 588 5780 scint,
608 5717 682 5786 cnjus
697 5717 786 5771 omnin
802 5728 873 5782 sunt,
932 5740 939 5771 ι
964 5735 1058 5774 rmrnus
1075 5721 1221 5790 imponent,
1241 5728 1265 5774 ot
1286 5720 1353 5774 bcrm
1371 5719 1516 5775 nunctum.
1542 5720 1573 5775 Et
1587 5720 1717 5780 bomiuus·
