3810 6120
135 295 190 374 iri
241 297 249 300 “
287 343 289 347 ,
663 273 670 285 ’
862 303 918 361 tia
938 265 1054 362 nsum.
1721 305 1781 363 uso

134 431 229 498 regns.
248 423 303 482 Sed
323 430 443 494 tempera
462 420 608 494 justitiam,
628 428 657 478 et
678 419 845 477 crudelitatis
862 415 1141 488 solli-Apopulomm
1156 415 1325 487 constipatur
1339 415 1468 482 cateruis,
1479 415 1534 472 illic
1553 418 1645 473 choris
1658 421 1773 477 comita-

135 519 189 574 cite
198 530 265 573 care
278 512 427 570 sinistram.
442 512 606 583 Temperata
620 513 722 568 etenim
733 510 817 580 justia
831 509 934 580 regiam
986 518 1031 565 tur
1050 509 1197 580 angelicis;
1214 508 1259 563 hic
1272 507 1412 564 homiuum
1425 507 1598 563 multitudine
1613 506 1794 590 delectatur,

70 618 73 622 ⁴
135 615 209 665 tenet
218 608 301 663 viam.
315 606 392 674 Quod
404 607 426 662 si
437 615 517 663 caute
529 622 583 662 non
602 614 781 677 temperetur,
793 605 820 660 in
835 604 934 658 crude·
983 599 1038 655 lllic
1057 615 1120 656 curn
1140 599 1297 671 angelorum
1317 599 1402 653 choro
1422 598 1540 663 laetatur,
1558 599 1602 653 hic
1619 598 1657 653 illi
1678 601 1774 658 militia

134 703 237 758 litatcm
252 701 308 756 cito
322 700 462 755 dilabitur.
983 689 1088 758 imperii
1108 690 1286 759 obtemperat,
1302 688 1357 743 illic
1370 689 1398 743 in
1411 687 1505 742 militia
1522 687 1711 758 Redemptoris
1724 705 1773 746 ex·

444 790 559 849 CAPUT
580 791 629 846 lx.
983 781 1081 847 sultam
1102 782 1146 837 hic
1161 782 1230 838 stola
1244 781 1358 836 restitus
1380 781 1463 851 regali
1484 781 1605 848 nitescit,
1622 781 1774 854 illicglorla

448 882 488 938 De
496 883 613 953 jupam,
982 871 1198 927 immortalitatis
1209 871 1339 943 reiulget;
1355 873 1401 928 bic
1417 873 1490 944 regis
1502 873 1655 929 diademata
1672 881 1773 942 portat,

170 970 225 1029 seu
246 983 281 1027 ne
299 970 352 1026 hoc
370 969 418 1026 tibi
439 971 555 1036 eueniat,
578 969 736 1025 salutariter
753 979 780 1026 ie
805 971 932 1026 arlnionei
982 960 1038 1017 illie
1054 961 1151 1033 gaudio
1167 961 1359 1017 exsultationis
1372 962 1507 1029 resultat;
1523 963 1568 1019 hic
1586 965 1688 1019 terreni
1702 963 1774 1036 regis

128 1056 282 1131 Scriptura,
297 1061 389 1117 dicens
407 1079 413 1114 :
429 1060 462 1115 ln
472 1059 621 1131 judicando
636 1069 691 1114 esto
705 1060 812 1131 pupillis
826 1062 931 1117 mireri-
981 1051 1052 1108 iilius
1066 1053 1212 1120 vocitatur,
1239 1055 1294 1110 illic
1307 1055 1429 1111 eoelestis
1442 1055 1524 1126 liegis
1539 1055 1611 1112 iilius
1629 1055 1774 1111 confirma-

134 1170 193 1211 corr
204 1163 232 1209 ut
242 1164 327 1226 pater,
340 1164 364 1209 et
373 1171 420 1225 pro
434 1155 489 1208 ciro
501 1153 580 1207 matri
594 1151 720 1207 illorum:
733 1162 757 1207 et
771 1153 822 1208 eris
838 1162 867 1206 tu
880 1152 932 1208 rel·
981 1154 1025 1199 tur
1037 1161 1044 1211 i
1058 1145 1216 1202 11111111θῦ1
1234 1147 1310 1216 regni
1323 1146 1590 1222 (11111111111111111111
1605 1147 1775 1217 1111111111·

135 1254 164 1300 ut
188 1246 260 1316 plius
275 1245 404 1301 dirissimi
424 1245 556 1311 obediens,
575 1255 599 1300 et
619 1246 783 1300 miserebitur
795 1247 833 1300 tui
846 1247 930 1317 magia
980 1235 1102 1302 1111111111,
1122 1236 1178 1292 illic
1192 1236 1312 1293 1111111111
1332 1239 1408 1308 regni
1424 1237 1530 1294 felicem
1547 1237 1663 1294 feliciter
1674 1238 1773 1308 accipit

134 1353 214 1410 qnam
227 1347 312 1391 mater
325 1335 421 1409 (Eccli.
435 1352 472 1401 lv,
489 1335 545 1407 itt).
559 1335 609 1392 lob
626 1352 735 1408 qtlthlle
746 1336 783 1390 ait
803 1352 809 1389 :
829 1335 929 1392 Oculus
979 1329 1142 1399 portionem.
1157 1328 1221 1385 llaec
1235 1338 1265 1386 ut
1277 1330 1324 1384 tibi
1336 1331 1453 1396 eveniat,
1467 1330 1619 1385 clarissime
1639 1345 1696 1393 tex,
1710 1330 1774 1387 10111

134 1427 175 1498 tui
189 1442 269 1492 caeo,
291 1436 316 1481 er
335 1443 379 1496 per
397 1426 492 1480 claudo
515 1440 525 1478 .·
543 1437 619 1498 poter
633 1443 706 1481 eram
731 1444 885 1498 pauperum,
904 1437 929 1482 et
979 1419 1083 1475 viribus
1093 1420 1217 1476 laborare
1229 1436 1282 1476 non
1297 1437 1403 1486 ccsses;
1417 1422 1507 1476 nullus
1518 1430 1545 1476 te
1558 1422 1663 1477 lelicior
1673 1422 1737 1488 erit,
1749 1421 1774 1478 si

134 1517 500 1587 causamqaarrsrescr'ebom,
516 1516 926 1586 diiipentissimeinuestipobam,
980 1511 1028 1566 tibi
1055 1512 1123 1577 haec,
1150 1512 1297 1566 attulliante
1324 1512 1449 1575 Domino,
1468 1512 1603 1576 eliberim
1630 1511 1719 1567 nullus
1747 1520 1773 1567 te

134 1605 297 1660 conterebam
315 1604 399 1659 matos
411 1605 506 1676 ioiqrti,
520 1614 544 1659 et
559 1604 723 1659 dedentibus
737 1604 809 1660 iliius
823 1604 928 1673 ausere-
979 1601 1154 1656 transcendct
1168 1601 1195 1654 in
1207 1601 1303 1672 gloria,
1318 1602 1341 1656 si
1360 1602 1418 1655 hnc
1431 1602 1477 1657 tibi
1493 1617 1509 1656 a
1523 1601 1637 1657 Domino
1659 1600 1759 1656 leticitc

135 1695 195 1748 bam
208 1695 335 1766 predam.
350 1693 459 1748 Flebam
480 1695 613 1761 oriundam
627 1709 706 1764 super
716 1710 746 1748 eo
757 1695 802 1764 qui
817 1695 927 1764 afflictus
978 1689 1061 1746 luerit
1073 1689 1181 1745 collata.

134 1792 200 1847 erat,
215 1791 239 1837 et
250 1783 457 1853 compatiebatur
470 1783 559 1836 anima
572 1800 629 1837 oreo
644 1785 753 1854 pauperi
767 1782 828 1854 (dub
849 1799 926 1850 xxix,
941 1780 966 1841 b
1295 1758 1409 1860 CAPUT
1427 1760 1471 1862 x2
1528 1818 1531 1823 ·

136 1873 192 1944 15).
207 1872 274 1928 liam
288 1882 315 1928 et
326 1875 397 1929 hanc
410 1875 512 1945 regiam
526 1889 587 1930 csse
601 1875 729 1929 uirtutem
739 1891 786 1930 rer
800 1874 928 1931 Salomon
1251 1850 1289 1906 ⁰³
1308 1850 1498 1905 ‘'⁸⁵⁸⁶m0'd'0·

135 1965 276 2034 approbat,
296 1963 389 2020 dicens
406 1983 412 2018 :
435 1964 654 2035 Resquiiudicae
670 1966 816 2020 inveritate
831 1981 929 2036 paupe·
975 1971 980 1980 ⁴
1014 1964 1066 2032 Qui
1083 1964 1168 2030 enim,
1192 1964 1306 2019 nemim
1322 1963 1477 2034 adjurante,
1492 1962 1537 2032 pie
1552 1961 1627 2032 eupit
1641 1975 1773 2031 pauperes

135 2071 188 2120 res,
202 2056 312 2126 thronus
324 2055 382 2125 ejus
395 2055 423 2109 irs
441 2063 566 2109 aeternum
577 2055 728 2124 firmabitur
744 2055 836 2127 (Prae.
851 2068 926 2121 xxix,
978 2063 1006 2108 ct
1020 2053 1127 2119 uiduae,
1142 2053 1260 2110 aduenas
1273 2060 1302 2108 et
1314 2050 1431 2122 pupillos
1445 2049 1601 2116 defendere,
1616 2049 1771 2105 misericor-

136 2146 192 2218 ll).
219 2145 249 2202 Si
263 2148 305 2202 ris
317 2153 394 2218 ergo,
410 2160 426 2201 o
450 2161 510 2212 rer,
533 2155 564 2201 ut
576 2148 688 2202 thronus
706 2154 796 2202 tuusa
814 2147 929 2203 Domino
979 2146 1061 2212 diter,
1073 2146 1097 2202 sl
1111 2146 1194 2211 ualet,
1206 2160 1302 2201 eorsum
1314 2145 1435 2215 inopiam
1455 2146 1534 2200 bonis
1550 2144 1607 2200 suis
1619 2144 1699 2200 debet
1712 2143 1773 2200 abs·

136 2237 269 2303 ilrmctur,
286 2253 339 2293 nnn
361 2236 452 2293 cesses
463 2236 613 2307 justificare
633 2251 780 2307 pauperem
801 2245 829 2293 et
842 2236 929 2307 pupil-
979 2243 1095 2307 tergere,
1119 2245 1147 2291 et
1172 2237 1373 2292 mendicitatem
1398 2252 1494 2293 eorum
1516 2235 1698 2307 elecmosynis
1719 2234 1773 2291 ire·

136 2327 201 2390 lum,
215 2342 268 2383 uon
290 2340 380 2383 cesses
397 2328 543 2382 subvenire
562 2327 650 2382 vidum
666 2336 695 2382 et
707 2342 850 2399 oppresso,
874 2343 928 2384 non
978 2333 1095 2396 quanter
1105 2326 1184 2381 debet
1194 2325 1301 2381 lulcire.
1314 2325 1391 2381 Sicut
1404 2326 1536 2396 scriptum
1551 2333 1594 2381 cst
1610 2323 1696 2390 :itti
1707 2323 1773 2380 elee-

136 2431 228 2474 eesses
241 2416 387 2473 defendere
398 2417 529 2472 advenum
540 2425 567 2472 et
580 2416 741 2483 desolatum,
757 2417 868 2473 subveni
878 2418 929 2473 mi·
978 2432 1115 2487 meipsam
1134 2416 1257 2488 pauperis
1277 2432 1309 2470 rte
1324 2415 1477 2485 defraudes,
1501 2426 1526 2470 et
1549 2415 1639 2470 oculor
1658 2427 1717 2470 tuor
1741 2431 1773 2471 rte

135 2521 209 2572 sero,
222 2507 297 2563 eleva
308 2507 454 2578 jacentem,
466 2507 552 2562 solida
565 2506 745 2573 confractum,
766 2507 888 2563 conforta
901 2516 930 2564 et
979 2520 1164 2566 transvertere
1176 2511 1431 2582 properaturarum
1443 2510 1599 2564 auriensem
1612 2510 1773 2579 nederpeue·

137 2597 236 2651 robora
255 2596 368 2663 lassum,
391 2597 493 2652 diuitiis
514 2613 567 2652 non
593 2612 684 2653 cesses
708 2597 804 2653 fulcire
825 2598 929 2654 mendi*
979 2606 1036 2670 ris,
1051 2613 1076 2659 et
1097 2622 1150 2660 rroa
1172 2621 1309 2676 exasperes
1329 2620 1470 2677 pauperem
1495 2606 1524 2660 in
1541 2606 1631 2677 iuopia
1646 2623 1706 2660 sua.
1719 2603 1772 2661 Cor

137 2702 211 2753 cum,
224 2687 259 2743 de
271 2703 352 2743 manu
362 2690 515 2759 peccatoris
527 2704 581 2743 non
591 2703 682 2745 cesses
692 2688 808 2745 liberare
818 2705 929 2761 oppres·
978 2694 1063 2765 inopis
1073 2711 1105 2748 ae
1114 2695 1248 2765 afflixeris,
1260 2704 1284 2749 et
1299 2710 1351 2749 aaa
1360 2697 1500 2764 protrahar
1510 2695 1603 2749 datam
1616 2694 1773 2766 arpurtiart-

137 2793 209 2833 sum.
230 2779 300 2835 ludi
316 2780 387 2850 qnod
407 2781 515 2852 regibus
530 2795 678 2852 regiumque
686 2780 823 2849 judicibus
837 2783 929 2838 bouri-
979 2783 999 2836 ti
1010 2796 1019 2835 :
1031 2784 1192 2854 ropatiorern
1203 2783 1373 2838 contribulati
1383 2800 1415 2838 oe
1427 2784 1539 2854 abjicias
1549 2800 1559 2837 :
1571 2794 1596 2839 et
1607 2802 1659 2840 aon
1669 2793 1772 2841 auertat

137 2886 194 2928 nus
210 2887 259 2942 per
285 2871 370 2929 llavid
395 2873 517 2929 clamitat
528 2874 621 2928 dicens
635 2891 641 2928 :
655 2873 780 2928 iudicate
800 2891 879 2946 epeno
903 2884 928 2930 et
979 2871 1077 2941 sariam
1091 2882 1165 2926 tuam
1179 2872 1212 2926 ab
1235 2884 1338 2943 eperia:
1354 2871 1386 2925 ab
1403 2872 1480 2943 inope
1502 2889 1535 2927 ae
1557 2883 1660 2928 awrtas
1682 2873 1772 2928 ocutos

136 2959 238 3031 pupillo
258 2976 267 3015 :
288 2961 413 3016 humilem
439 2972 464 3016 et
488 2978 627 3033 pauperem
646 2962 802 3032 iustificate.
826 2964 928 3035 Eripite
978 2973 1047 3018 tuos.
1066 2963 1176 3018 Deciira
1198 2964 1308 3034 pauperi
1328 2964 1384 3018 riae
1398 2965 1508 3019 tristitia
1525 2980 1617 3018 aurem
1635 2973 1718 3029 tuam,
1746 2973 1771 3019 et
1804 3006 1810 3019 2

136 3066 287 3123 pauperem,
306 3062 330 3108 et
352 3069 461 3124 eperum
491 3054 525 3108 de
549 3069 630 3107 mauu
652 3054 796 3124 peccatoris
820 3054 927 3111 liberate
979 3053 1058 3108 redde
1070 3053 1185 3107 debitum
1198 3062 1284 3118 tuum,
1300 3062 1324 3107 et
1341 3053 1468 3124 responde
1481 3052 1643 3125 iilipaeifica
1656 3055 1685 3108 ia
1697 3071 1773 3109 mau-

137 3141 226 3215 (erat.
251 3160 342 3213 sxxxt,
363 3146 403 3219 5).
423 3146 491 3202 linio
504 3148 645 3203 sententiae
666 3148 834 3203 concordans
859 3127 963 3203 liberC
979 3145 1115 3199 suetudine
1131 3145 1226 3214 (Ereti.
1242 3161 1280 3210 ru,
1299 3145 1312 3200 1
1329 3155 1353 3199 et
1368 3144 1462 3217 resp).
1480 3143 1593 3216 Propter
1615 3146 1770 3199 mandatust

137 3233 344 3292 Ecclesiasticus
357 3237 394 3291 ait
415 3254 421 3290 :
440 3236 533 3292 Libera
547 3255 606 3292 eum
624 3239 669 3309 qui
683 3238 810 3308 iniuriam
829 3238 929 3308 potitur
979 3252 1083 3291 aramue
1093 3251 1234 3307 pauperem
1247 3249 1255 3287 .·
1269 3245 1294 3291 et
1305 3244 1410 3307 propter
1419 3237 1536 3307 inopiam
1546 3235 1604 3306 eiua
1614 3234 1771 3289 redimittas

137 3325 172 3379 de
195 3341 276 3380 manu
298 3328 400 3398 superbi
415 3327 510 3400 (Ereti.
538 3344 576 3393 ru,
590 3328 629 3400 9).
655 3328 739 3383 lsaias
753 3327 929 3382 nihilominus
978 3344 1037 3382 eum
1048 3343 1168 3382 mertum.
1180 3326 1315 3383 Conclude
1330 3327 1561 3398 eleemosynariis
1580 3342 1627 3380 eor
1638 3327 1772 3398 pauperis,

138 3416 292 3487 praedicans
302 3417 489 3484 ait:Quarite
498 3417 640 3489 judicium,
654 3419 785 3473 subuenite
796 3432 928 3487 oppresso,
979 3427 1003 3471 et
1015 3418 1071 3471 berc
1083 3433 1132 3487 pro
1146 3426 1170 3470 te
1196 3418 1314 3471 exorabit
1333 3417 1367 3470 ab
1382 3419 1452 3471 omni
1464 3416 1545 3470 maio.
1570 3415 1657 3486 Super
1669 3425 1773 3471 mutum
1831 3401 1835 3408 ’

134 3507 255 3578 judicate
264 3507 376 3579 pupillo,
387 3507 633 3578 defenditeuiduam
645 3549 653 3572 ,
666 3516 689 3562 et
700 3507 781 3562 uenite
793 3516 817 3561 et
827 3508 930 3577 arpuite
979 3508 1101 3576 potentis,
1123 3515 1148 3560 et
1163 3523 1241 3576 super
1260 3506 1380 3560 lanceam
1402 3506 1528 3561 aduersus
1548 3506 1685 3560 inimicum
1698 3515 1772 3560 tuum

137 3613 190 3662 ure,
202 3596 266 3651 dicit
281 3596 421 3653 Dominus.
435 3597 464 3653 Si
479 3599 575 3667 {aerim
585 3607 691 3667 peceato
705 3606 788 3650 restra
802 3606 829 3650 ut
844 3596 929 3650 coeci·
979 3596 1101 3668 perpetiit
1125 3595 1221 3666 (liccli.
1236 3590 1313 3661 x'ltx,
1329 3596 1373 3660 11,
1389 3595 1433 3662 15,
1449 3596 1505 3662 lsi.
1525 3595 1579 3652 sed
1590 3604 1618 3651 et
1636 3597 1709 3666 quod
1720 3596 1772 3652 ista

140 3703 213 3753 rum,
233 3689 309 3774 quasi
332 3689 378 3742 tris
404 3688 613 3753 dealbabuntur;
638 3696 662 3742 et
685 3687 824 3757 siluerint
850 3687 930 3743 rubra
979 3690 1066 3744 uirtus
1080 3689 1116 3743 sit
1128 3688 1212 3759 regia,
1233 3703 1281 3743 rex
1297 3687 1424 3745 Salomon
1446 3689 1473 3743 in
1487 3687 1642 3744 Proverbiis
1652 3688 1769 3755 indisat;
1888 3749 1890 3753 y

138 3778 216 3849 quari
226 3778 392 3844 rermicuiur,
409 3779 478 3834 uelut
503 3779 566 3833 ianr
581 3777 641 3832 albo
654 3786 740 3832 erunt.
754 3775 783 3831 Si
797 3776 930 3833 uolueritis
981 3779 1021 3834 ait
1032 3779 1124 3834 enim:
1140 3778 1324 3835 Misericordia
1332 3788 1357 3833 et
1369 3780 1464 3834 ueritas
1475 3779 1626 3834 euuodiunt
1637 3795 1732 3850 repeat,
1746 3790 1772 3835 et

138 3879 164 3923 et
177 3869 315 3925 audieritis
328 3885 378 3934 me,
392 3870 460 3925 bona
471 3881 547 3925 terrae
557 3869 695 3924 comedetis
709 3867 775 3940 (isa.
789 3884 808 3934 ι,
825 3868 929 3941 11-19).
981 3871 1121 3926 roboratur
1141 3871 1279 3926 clementia
1307 3871 1418 3926 thronus
1440 3871 1497 3940 ejus
1524 3869 1616 3943 (Prae.
1643 3887 1690 3937 xx,
1714 3871 1770 3942 28).

142 3958 208 4015 l'ide
217 3975 281 4032 ergo
293 3968 321 4016 et
334 3961 476 4033 diligenter
487 3962 606 4026 attende,
621 3979 638 4017 o
653 3976 712 4026 rex,
727 3961 792 4031 quid
804 3959 930 4017 defenso·
981 3960 1066 4017 liarid
1075 3977 1183 4032 quoquo
1195 3969 1250 4016 um
1261 3961 1295 4017 de
1304 3975 1333 4016 se
1343 3976 1425 4030 quam
1436 3969 1464 4016 et
1477 3963 1510 4016 de
1522 3960 1773 4018 omnibuseleemo-

139 4048 217 4104 ribus
234 4051 342 4106 eueniat
353 4066 517 4122 pauperum
531 4065 561 4106 se
577 4051 630 4106 illis
645 4064 705 4106 esse
715 4049 874 4115 debitorem,
888 4064 931 4105 se-
981 4067 1062 4124 synas
1076 4052 1289 4108 misericorditer
1310 4050 1475 4106 iacientibus
1488 4052 1527 4106 ait
1542 4065 1550 4105 ε
1563 4051 1661 4105 Beatus
1675 4053 1716 4106 uir
1726 4052 1772 4123 qui

142 4155 195 4210 que
220 4141 385 4197 redditorem
399 4143 559 4211 pronuntiat
584 4144 666 4208 Deus,
691 4142 763 4198 niuis
785 4143 930 4198 candorem
981 4141 1102 4214 intelligit
1111 4158 1190 4213 saper
1203 4158 1311 4214 egenum
1325 4152 1349 4198 et
1358 4158 1498 4213 pauperem
1512 4156 1522 4194 .·
1537 4143 1565 4197 in
1577 4144 1620 4197 die
1631 4142 1702 4198 moia
1711 4143 1774 4198 libe-

140 4231 481 4302 peccatoribuspromittit,
496 4240 524 4289 et
541 4233 685 4289 albiniana
702 4233 861 4290 munditiem
874 4234 932 4305 pol-
981 4233 1050 4287 rabit
1063 4250 1122 4287 eum
1132 4232 1260 4288 borinas
1273 4232 1360 4305 (Prot.
1372 4248 1417 4298 xa,
1432 4231 1468 4306 l).
1479 4231 1530 4288 ioh
1540 4246 1649 4303 quoque
1658 4231 1772 4302 simplex

139 4321 257 4377 liceturs
273 4330 411 4392 postremo
425 4326 498 4380 bona
512 4333 592 4381 terrm
602 4327 745 4382 comedere
757 4327 863 4392 tribuit,
878 4334 931 4382 ter·
981 4333 1010 4381 ct
1031 4333 1121 4381 rectus
1140 4341 1172 4380 ac
1186 4326 1284 4381 timens
1300 4327 1396 4392 lleunr,
1420 4327 1455 4381 de
1473 4340 1503 4381 se
1523 4339 1606 4380 verax
1631 4324 1771 4395 prolercns

140 4427 180 4468 rae
192 4411 297 4467 scilicet
305 4412 377 4468 illius
388 4415 422 4470 de
435 4429 488 4484 qua
498 4415 629 4485 scriptum
646 4424 688 4471 est
701 4434 708 4470 :
721 4415 812 4470 &neri
822 4416 849 4469 ia
859 4425 930 4470 terra
983 4415 1178 4480 testimonium,
1199 4415 1361 4472 fiducialiter
1377 4417 1416 4471 ait
1438 4436 1445 4471 ι
1462 4417 1492 4473 Si
1506 4417 1598 4488 negari
1611 4416 1681 4488 quod
1704 4415 1772 4471 uete-

140 4519 191 4558 sua
208 4504 324 4576 duplicia
346 4508 515 4578 possidebunt
536 4508 603 4580 (lta.
625 4525 681 4574 uxr,
725 4508 763 4581 l),
789 4510 862 4564 etde
877 4471 1054 4579 quanarit,
1069 4504 1237 4574 pauperibus,
1255 4513 1280 4559 et
1299 4504 1389 4560 oeulos
1402 4505 1489 4560 oiduee
1506 4514 1654 4576 mpeetme
1670 4504 1729 4573 [eei.
1742 4501 1772 4560 Si

140 4591 284 4649 Psalmista
306 4596 345 4650 ait
358 4615 365 4650 ε
380 4596 465 4652 Credo
482 4599 570 4653 uidere
589 4599 656 4653 barra
669 4600 778 4653 interra
791 4601 931 4654 uiuentium
982 4595 1081 4650 comedi
1093 4595 1235 4651 bucceliam
1244 4612 1329 4651 maru
1340 4597 1423 4663 solur,
1435 4605 1460 4651 et
1471 4613 1524 4651 non
1536 4596 1646 4651 rornedit
1656 4595 1772 4667 pupillus

142 4681 231 4753 (Psoi.
244 4698 318 4752 xxvi,
340 4684 395 4759 lb).
419 4687 497 4742 Vides
509 4689 571 4758 qula
584 4687 654 4743 bona
666 4695 748 4743 terrae
757 4695 865 4743 aeterne
878 4688 932 4744 illis
982 4702 1015 4741 es
1030 4702 1071 4741 ea.
1089 4685 1172 4758 (Quia
1183 4687 1215 4741 ab
1226 4686 1341 4757 inferuis
1350 4705 1409 4742 mea
1421 4688 1501 4742 creuit
1514 4703 1614 4742 murem
1626 4687 1771 4752 miseratio,

142 4778 253 4849 regibus
269 4782 463 4849 conceduntur,
479 4783 524 4852 qui
543 4783 588 4839 hic
610 4797 759 4854 pauperum
775 4781 932 4839 defensores
982 4789 1006 4834 et
1018 4779 1052 4834 ds
1068 4787 1143 4834 atero
1162 4781 1256 4834 reatris
1276 4794 1340 4834 mea
1354 4796 1458 4851 egressa
1480 4789 1518 4834 eet
1530 4781 1655 4851 meeum.)
1673 4777 1705 4836 Si
1725 4779 1772 4835 de·

141 4869 274 4924 esistunt.
296 4870 352 4927 lllis
370 4872 398 4927 in
415 4887 505 4929 escam
527 4870 630 4927 fructus
653 4879 761 4927 aeternas
775 4872 932 4928 conceditur
981 4869 1055 4941 speri
1075 4879 1236 4941 pereuntem,
1247 4886 1277 4927 eo
1297 4871 1367 4942 qaod
1383 4888 1434 4926 uon
1446 4872 1567 4927 habuerit
1579 4872 1769 4938 indumentum,

142 4964 233 5023 tenue,
246 4961 294 5030 qui
302 4961 346 5016 hic
355 4975 486 5032 pauperes
498 4961 586 5017 sciunt
599 4960 744 5017 defendere
757 4961 811 5031 pie,
827 4960 931 5018 frustm
983 4970 1007 5014 et
1019 4959 1116 5031 absque
1128 4961 1286 5032 operimento
1299 4975 1448 5031 pauperem.
1473 4958 1504 5016 st
1519 4976 1571 5016 noa
1584 4961 1772 5016 tremimus

141 5047 260 5118 ominans
270 5050 374 5106 scilicet
383 5051 550 5122 angelorum,
567 5049 671 5106 fructus
685 5059 813 5135 auritos,
828 5050 931 5106 fructus
983 5051 1049 5104 mitri
1058 5050 1141 5105 latera
1150 5053 1220 5121 ejus,
1236 5060 1261 5104 et
1274 5051 1306 5106 de
1318 5051 1454 5108 velleribus
1468 5054 1555 5107 ouium
1568 5069 1686 5108 mearum
1702 5066 1771 5106 eae·

141 5147 298 5210 perpetuos,
311 5141 633 5199 iructusdulcissimosct
654 5141 932 5212 amantissimos,ple·
984 5140 1071 5211 sadus
1091 5151 1139 5196 ert.
1166 5141 1198 5197 Si
1221 5140 1303 5196 leuari
1324 5158 1403 5214 super
1412 5143 1541 5215 pupilium
1555 5162 1663 5200 marum
1675 5158 1770 5207 maru,
1840 5186 1842 5190 .

142 5242 194 5285 nos
214 5231 357 5286 saturitate
370 5240 397 5287 et
413 5231 585 5304 pinguedine,
607 5231 701 5301 plenos
714 5231 807 5286 laetitia
827 5238 854 5286 et
867 5245 932 5303 gau-
984 5231 1062 5286 eiam
1075 5246 1134 5286 eurr
1147 5231 1260 5286 riderem
1274 5247 1315 5288 me
1326 5235 1355 5288 irr
1367 5242 1444 5305 porta
1454 5236 1614 5306 superiorem
1625 5250 1635 5288 .·
1646 5235 1771 5287 humerus

142 5319 198 5385 dio,
214 5321 309 5390 plenos
327 5322 454 5378 felicitate
470 5331 498 5378 et
515 5323 610 5394 gloria.
984 5336 1058 5376 mere
1072 5337 1088 5376 a
1095 5321 1221 5390 junctura
1245 5338 1295 5378 rua
1313 5324 1402 5391 eadm,
1422 5334 1446 5380 et
1462 5326 1596 5380 brachium
1613 5336 1698 5378 meum
1710 5337 1772 5376 curt

179 5408 296 5482 Oquam
319 5412 398 5468 beata
418 5422 460 5469 est
473 5413 528 5469 rita
551 5430 644 5486 regum
661 5415 808 5485 justorum,
831 5428 891 5486 quae
904 5424 932 5472 et
983 5411 1039 5465 ruis
1055 5410 1156 5465 orsitus
1180 5411 1436 5485 confrippotarilob
1464 5430 1538 5475 xxxi,
1563 5412 1607 5477 16,
1632 5411 1688 5481 11).
1712 5409 1769 5466 lion

143 5499 191 5556 hio
202 5502 395 5573 temporalibus
405 5505 487 5559 rebus
499 5502 564 5559 iulta
581 5505 700 5570 nitescit,
715 5512 743 5560 et
759 5504 786 5559 in
801 5509 931 5562 :eternium
984 5503 1057 5558 enim
1071 5502 1160 5573 tepide
1180 5511 1226 5559 aut
1240 5506 1316 5565 tarde
1335 5521 1385 5561 nec
1398 5503 1566 5560 formidando
1586 5503 1776 5573 eleemosynas

143 5605 206 5645 curn
231 5593 333 5665 angelis
354 5594 544 5650 immortaliter
564 5595 709 5667 requiescit
728 5596 795 5652 :hic
815 5597 933 5654 terrenis
983 5597 1195 5668 erogaredebet,
1207 5598 1295 5668 quiex
1310 5598 1362 5651 illis
1378 5592 1688 5650 ielicitnrthesauriearc
1709 5608 1771 5665 spe·

143 5680 265 5740 nutritur
286 5683 401 5751 deliciis,
424 5684 479 5742 illic
505 5685 591 5757 gloria
614 5686 730 5744 restittu
751 5686 870 5752 decoris:
886 5685 931 5743 hic
983 5695 1026 5744 rat
1039 5688 1066 5744 in
1077 5688 1157 5746 ooelo.
1180 5688 1248 5746 Cum
1261 5700 1356 5758 magna
1372 5684 1471 5741 mentis
1492 5683 1628 5741 hilaritate
1642 5685 1768 5755 pauperi·
