3810 6120
134 328 186 385 'tit

662 310 839 372 cottttdut.
860 309 893 366 tri
913 308 992 365 REG.
1012 308 1042 364 S.
1063 309 1253 365 nonssotcrt.

1718 308 1776 365 ΤΒ

134 442 329 502 emulationes,
346 435 547 506 irritiqmuioues,
564 434 772 502 prouocationes,
788 429 930 483 dissensio·
944 429 969 487 Α
982 426 1009 479 in
1023 427 1148 494 praesenti
1165 426 1218 479 vita
1234 425 1430 480 seminaverint
1443 425 1470 479 ln
1484 423 1622 497 lacrymis,
1638 424 1664 479 in
1679 423 1770 480 buturo

135 551 192 595 troo,
211 541 299 593 scota,
318 529 439 589 luereses,
459 525 576 587 inuidia,
596 523 654 588 ira’,
675 524 749 582 cirre,
770 519 927 582 homicidia,

134 626 283 685 ebrietates,
299 619 507 682 rorstessatioues,
527 627 550 669 et
565 615 605 669 bis
618 615 727 678 similia,
742 629 800 683 qua
814 612 927 682 predico

135 715 216 778 vobis,
236 714 302 766 sicut
317 721 341 764 et
356 709 482 780 predict,
503 708 627 777 quoniam
646 705 690 776 qui
709 703 775 758 talia
790 713 870 774 aqaut
886 719 928 756 re·

133 821 214 876 ouum
231 803 278 856 Dei
297 818 349 854 nort
366 809 565 869 cousequantur.
588 795 704 850 Fructus
718 805 805 849 autem
819 794 928 863 spiritus

133 903 174 950 est
190 894 318 953 charitas,
338 889 475 959 quodiam,
493 903 556 957 pac,
576 887 714 956 patientia,
730 883 927 955 louqaur'mitas,

135 985 253 1046 mattae,
276 981 432 1050 beniquitns,
452 978 533 1046 fides,
553 977 695 1042 modestia,
716 974 826 1040 leuitas,
846 975 929 1028 couti·

136 1074 236 1135 acutia,
247 1082 365 1126 castitas.
385 1071 519 1123 Adrasos
528 1067 680 1137 hujusmodi
693 1083 745 1121 uon
758 1075 795 1119 est
807 1065 859 1119 les.
876 1063 927 1128 Qui

134 1174 224 1218 autem
239 1172 299 1217 suat
312 1161 427 1223 Christi,
449 1175 554 1213 caruem
572 1175 648 1212 suam
665 1157 853 1226 crucifixerunt
868 1171 927 1210 coar

134 1255 205 1312 siliis
219 1264 244 1308 et
258 1252 473 1323 concupiscentiis
501 1249 607 1321 titia).
634 1250 668 1304 Et
682 1250 716 1303 ad
728 1249 883 1304 Corinthios
896 1248 929 1302 de

979 515 1077 570 mulo
1090 516 1116 568 in
1129 516 1226 585 garrdio
1240 523 1350 570 coetera.
1367 515 1537 570 Currendunr
1549 522 1593 570 est
1603 530 1668 586 ergo
1680 517 1768 582 uobis,

979 624 1031 663 non
1047 609 1169 677 pedibus,
1184 608 1230 662 sed
1244 609 1311 674 rita,
1326 616 1354 662 et
1368 608 1499 673 moribus,
1515 617 1545 663 ut
1557 609 1623 666 illud
1635 612 1771 680 possimus

978 698 1005 752 in
1021 698 1072 751 lrac
1087 700 1143 752 vita
1156 699 1333 768 conquirere,
1354 699 1425 769 quod
1442 701 1520 755 nobis
1537 701 1563 755 iu
1579 710 1710 757 aeternum
1726 720 1771 758 co-

978 789 1134 857 gnoscimus
1149 790 1293 858 expedire,
1314 790 1338 844 id
1353 802 1410 857 est,
1429 791 1487 847 illas
1502 794 1671 863 supradictas
1684 795 1771 848 rirtn-

978 878 1200 942 coaetaneum
1211 879 1345 945 videlicet,
1357 883 1494 950 gauditrm,
1504 897 1609 954 pacem,
1620 893 1648 938 et
1659 895 1772 943 coeteros

978 981 1072 1023 omnes
1083 969 1183 1024 habere
1195 970 1220 1023 in
1232 973 1359 1040 praesenti
1373 972 1483 1038 saeculo,
1495 983 1594 1029 etcum
1608 975 1672 1040 illis,
1684 984 1711 1031 et
1721 990 1772 1047 pro

979 1059 1032 1115 illis
1043 1061 1136 1115 virere
1149 1062 1285 1130 possimus
1299 1065 1326 1117 in
1341 1063 1442 1120 inituro.

1014 1148 1202 1206 Constituendo
1212 1163 1250 1207 cst
1263 1171 1325 1225 erqo
1337 1156 1410 1210 trabis
1422 1156 1551 1213 Dominici
1561 1160 1650 1216 scbola
1661 1164 1769 1219 servitii.
1790 1145 1810 1209 ¹·-

979 1240 1077 1298 Sclrola
1092 1244 1188 1300 Graeco
1203 1247 1334 1301 uocabulo
1347 1249 1449 1303 dicitur
1461 1249 1552 1318 locus,
1580 1253 1605 1306 in
1628 1270 1682 1323 qno
1705 1256 1771 1311 ailo-

135 1346 227 1403 oordis
241 1345 354 1415 pariter,
375 1352 402 1398 et
419 1342 541 1411 corporis
555 1340 752 1411 praeparatione
765 1340 805 1394 sic
819 1341 875 1394 ait:
895 1340 928 1393 lu
978 1332 1112 1390 lescentes
1127 1336 1288 1392 litteralibus
1303 1339 1400 1393 studiis
1414 1355 1523 1410 operam
1538 1343 1604 1397 dare
1624 1352 1652 1398 et
1670 1345 1704 1398 ad
1722 1363 1771 1400 an-

135 1438 256 1492 omuibus
270 1436 437 1490 exhibeamus
452 1434 632 1502 uosruetipsos,
644 1432 711 1484 sicut
722 1430 771 1484 lloi
783 1430 927 1484 miur'stros.
978 1425 1092 1480 diendos
1101 1428 1247 1498 magistros
1257 1444 1353 1483 vacare
1364 1430 1461 1483 solent.
1475 1430 1552 1485 Unde
1564 1432 1656 1487 schola
1667 1437 1772 1490 nutritio

135 1527 172 1584 lto
185 1528 269 1583 malm
283 1526 419 1597 patieutis,
439 1525 466 1579 iu
482 1522 704 1587 tribulacionibus,
721 1523 750 1575 iu
769 1523 929 1576 morositati·
979 1515 1187 1583 interpretator.
1216 1518 1337 1586 Denique
1361 1519 1388 1572 in
1413 1518 1536 1584 Psalmo,
1564 1520 1611 1574 ubi
1635 1523 1772 1586 canimus,

134 1619 196 1682 btrs,
215 1618 243 1671 itt
258 1617 397 1686 anqustiis,
416 1616 445 1668 iu
459 1613 554 1684 alapis,
568 1613 596 1666 iu
608 1612 766 1677 carceribus,
782 1613 810 1665 iu
823 1611 929 1665 seditio-
983 1605 1096 1672 vacare,
1117 1615 1141 1660 et
1161 1608 1243 1662 ridete
1257 1609 1380 1679 quoniam
1402 1627 1448 1679 eqo
1467 1627 1526 1663 sum
1539 1610 1668 1665 Dominus
1685 1613 1770 1683 (Psoi.

135 1710 223 1771 tribus,
235 1710 262 1763 iu
274 1707 415 1769 laboribus,
429 1706 456 1759 iu
467 1704 572 1774 oiqiliis,
588 1705 615 1757 iu
626 1702 748 1772 jejuniis,
759 1704 786 1756 irs
797 1703 927 1767 castitate,
980 1698 1058 1768 xcv),
1085 1699 1112 1752 in
1128 1698 1222 1754 Graeco
1240 1700 1354 1754 habetur
1371 1702 1529 1770 Σχολάσατι.
1557 1700 1627 1773 Ergo
1650 1702 1721 1757 sicut
1743 1704 1771 1758 iu

134 1799 165 1854 iu
177 1799 300 1863 scientio,
318 1797 346 1850 iu
363 1795 573 1866 tooqaaimitate,
592 1794 619 1846 iu
635 1792 774 1858 ecaritate,
789 1793 816 1845 iu
830 1791 930 1861 Spiritu
944 1774 968 1832 Β
983 1790 1075 1845 schola
1085 1791 1161 1860 pueri
1173 1806 1234 1846 cnm
1246 1790 1397 1861 disciplina,
1410 1807 1469 1861 qum
1478 1791 1533 1847 illis
1543 1795 1697 1849 necessaria
1709 1805 1773 1850 sunt

135 1899 238 1953 soocto,
258 1889 287 1941 iu
305 1888 433 1941 cltamtute
452 1901 504 1939 uon
522 1883 594 1951 ficta,
614 1884 642 1937 iu
660 1882 737 1936 aerbo
757 1883 882 1948 ueritatis,
902 1883 930 1936 iu
980 1881 1104 1944 discunt,
1129 1890 1156 1936 et
1177 1895 1237 1950 quac
1260 1883 1287 1936 in
1311 1881 1402 1936 buturo
1417 1883 1522 1951 prosint
1536 1884 1668 1952 capiunt:
1688 1885 1725 1941 ito
1744 1895 1773 1940 et

135 1980 232 2036 siuate
245 1978 303 2043 bet,
316 1994 362 2048 per
373 1994 449 2030 orma
460 1975 573 2045 justitia
586 1991 603 2028 a
617 1974 727 2039 destris,
739 1983 763 2027 et
776 1989 792 2027 a
804 1974 929 2038 surisnis,
980 1972 1108 2026 monachi
1123 1972 1150 2025 in
1165 1974 1324 2028 monosterii
1341 1974 1474 2043 regularis
1488 1973 1595 2039 schola,
1611 1983 1639 2030 et
1650 1956 1710 2044 q'use
1724 1991 1771 2033 eos

134 2088 183 2144 pso
194 2071 307 2142 olorinus
321 2079 346 2123 et
358 2067 565 2138 iqaobisitoteot,
583 2065 781 2136 peristomium
796 2073 820 2117 et
836 2064 930 2118 bonam
979 2062 1147 2132 inpraesenti
1162 2064 1274 2120 honeste
1289 2065 1379 2121 rivere
1392 2064 1509 2132 iaciant,
1523 2076 1551 2122 et
1564 2082 1624 2137 quse
1639 2069 1665 2123 iu
1680 2068 1771 2125 laturo

136 2161 254 2232 [susara.
277 2169 306 2212 ut
323 2158 470 2213 seductores
485 2167 510 2211 et
524 2173 638 2220 seroces,
658 2156 725 2210 sicat
744 2156 788 2227 qui
807 2157 888 2226 iquori
906 2166 930 2210 et
980 2153 1072 2210 ielices
1083 2157 1207 2221 reddant,
1220 2156 1324 2212 discere
1336 2158 1472 2229 sagaciter
1480 2165 1507 2214 et
1517 2157 1663 2217 ebicaciter
1673 2161 1772 2216 debent

134 2253 244 2324 ooqruti.
263 2250 346 2316 Quasi
357 2250 507 2311 morientes,
519 2256 542 2300 et
555 2264 613 2301 ecco
624 2248 745 2310 uicimus,
757 2256 785 2299 at
798 2247 930 2317 castiqati,
980 2246 1102 2316 implere.

134 2352 162 2399 et
180 2360 232 2396 ooo
250 2341 410 2409 mortificati.
437 2339 519 2405 Qttosi
537 2338 634 2404 tristes,
650 2354 751 2409 semper
764 2347 851 2392 autem
866 2354 927 2408 qau·
1016 2339 1050 2393 lu
1065 2356 1119 2410 qua
1135 2340 1297 2396 institutione
1317 2340 1384 2396 uilril
1401 2359 1538 2414 asperam,
1554 2342 1619 2398 uibil
1632 2360 1710 2415 aravo
1724 2362 1770 2399 aas

134 2433 238 2488 tientes.
266 2432 341 2487 Sicut
364 2441 477 2501 meotes,
502 2428 600 2483 stultos
622 2437 708 2483 autem
732 2427 929 2497 locupletantes.
980 2431 1168 2484 constituturos
1178 2447 1324 2501 speramus.
1339 2433 1475 2488 Institutio
1486 2434 1559 2488 enim
1570 2434 1772 2506 regttlarisvitn.

138 2523 277 2594 Tanquam
300 2521 365 2576 oiltii
386 2521 520 2586 babentes,
544 2529 568 2574 et
594 2521 684 2574 omnia
704 2519 866 2590 possidentes
887 2518 930 2590 (ll

137 2610 202 2669 Cor.
218 2612 266 2684 ιι).
864 2611 866 2614 ’

176 2703 211 2758 tn
234 2705 304 2775 quod
327 2705 414 2757 miuus
437 2703 514 2756 babet
536 2702 566 2756 iu
587 2702 661 2756 robis
681 2711 777 2755 natura
799 2700 930 2772 possibile.

137 2792 272 2850 Naturam
286 2795 352 2849 dicit
366 2792 521 2864 ingenium,
543 2805 634 2846 mores
650 2800 677 2846 et
694 2792 820 2845 astutiam
836 2792 930 2846 animi.

138 2884 242 2941 Natum
256 2886 327 2940 enim
343 2885 415 2939 dicta
430 2884 465 2939 ab
478 2900 521 2950 eo,
540 2885 612 2955 quod
627 2883 703 2939 nasci
720 2882 821 2952 aliquid
838 2883 930 2939 iaciat.

981 2520 1135 2575 solentibus
1153 2536 1214 2575 cam
1234 2522 1301 2577 nibil
1321 2538 1447 2592 asperum
1462 2523 1563 2591 habet,
1588 2526 1655 2581 nihil
1677 2541 1770 2598 grave.

981 2608 1080 2679 lupam
1093 2610 1161 2663 euim
1175 2626 1277 2676 meum,
1295 2612 1334 2666 ait
1346 2612 1492 2679 Dominus,
1507 2631 1585 2670 auare
1598 2624 1650 2681 est,
1666 2626 1691 2670 et
1705 2632 1772 2673 ootts

983 2717 1069 2755 mum
1084 2700 1137 2754 leuc
1148 2700 1257 2770 (Martis.
1271 2702 1320 2773 xi).
1341 2702 1498 2762 Nolentibus
1510 2707 1595 2773 enim,
1608 2717 1637 2762 et
1651 2723 1714 2764 snas
1725 2721 1773 2765 ιι·

981 2789 1099 2844 luntates
1112 2790 1224 2860 impiere
1237 2792 1389 2849 uolentibus
1399 2795 1490 2849 ornnia
1503 2797 1575 2851 bona
1588 2809 1652 2852 sunt
1664 2814 1770 2869 aspera,

983 2880 1075 2935 omnia
1088 2889 1152 2935 sunt
1163 2882 1265 2953 gravia.
1281 2883 1416 2941 Institutio
1427 2885 1500 2942 enim
1513 2887 1666 2958 dispositio,
1676 2889 1718 2946 vel
1729 2905 1772 2945 or-

139 2974 273 3047 Gignendi
296 2976 369 3031 enim
389 2983 417 3030 ct
438 2974 554 3030 faciendi
569 2984 670 3045 potens
688 2983 748 3030 est:
768 2974 872 3045 brogilis
891 2984 934 3031 est
983 2971 1086 3026 dinatio
1101 2972 1273 3044 intelligitur.

138 3066 214 3122 esaim
227 3067 345 3120 bumana
360 3074 476 3120 notura:
493 3067 556 3133 quia
568 3068 642 3136 qnod
655 3067 713 3122 vult
725 3067 825 3122 bonum
840 3082 930 3138 agere,
1020 3061 1073 3117 Sed
1089 3072 1113 3117 et
1127 3063 1226 3134 siquid
1240 3064 1379 3135 paululum
1399 3067 1543 3122 restrictius
1562 3069 1677 3124 dictante
1693 3071 1774 3141 aqui-

139 3158 273 3230 perlicere
288 3173 343 3215 non
355 3159 441 3222 valet,
460 3159 514 3213 nisi
528 3156 690 3226 adjutorium
705 3175 720 3213 a
734 3160 847 3213 Domino
861 3159 932 3213 aoei-
946 3130 968 3193 C
983 3152 1044 3206 totis
1056 3154 1166 3208 ratfoue.
1180 3153 1307 3224 AEqnitas
1317 3158 1479 3225 estteritas,
1490 3159 1774 3229 etveritatisjustitia,

139 3264 208 3319 pere
229 3251 367 3306 meruerit.
396 3251 471 3306 Unde
493 3259 520 3306 et
539 3251 683 3320 Apostolus
703 3253 758 3306 att:
780 3252 851 3307 Nam
869 3253 933 3309 tutte
982 3245 1483 3316 rado‚motnsqnidanrnuimirisnm
1497 3251 1775 3318 montisacuens,re·

141 3340 248 3411 adjacet
261 3341 337 3405 milti,
350 3342 473 3411 perficere
487 3352 574 3396 autern
588 3359 640 3396 nou
654 3343 755 3397 torrento
770 3342 860 3414 (llam.
872 3344 931 3415 vti).
983 3350 1068 3405 raqne
1084 3350 1099 3389 ³
1114 3334 1190 3391 saliis
1202 3338 1381 3408 dislissiltlcsss·
1402 3339 1477 3395 Mens
1491 3340 1610 3396 hominis
1622 3340 1686 3396 dum
1701 3348 1775 3404 ledii

144 3427 223 3489 Unde
236 3438 265 3485 et
278 3431 323 3485 hic
335 3441 428 3499 aperte
441 3432 583 3500 sequitur:
980 3424 1096 3494 judicat,
1110 3427 1181 3480 rullo
1193 3435 1244 3481 esi.
1262 3427 1331 3482 Dum
1344 3429 1430 3497 spirat
1442 3430 1561 3497 spiritus.

179 3518 311 3590 lloqcmus
328 3520 467 3574 Doutiuuut
482 3531 509 3574 ut
521 3523 615 3591 qratia
628 3538 684 3575 sua
695 3522 787 3591 jubeat
803 3522 875 3575 uobis
890 3522 934 3575 ad·
1022 3513 1134 3586 Propter
1145 3517 1352 3571 totendaft'otwm
1367 3518 1498 3573 villorum·
1523 3520 1594 3575 Vilia
1615 3520 1686 3582 nillil
1703 3527 1776 3584 sunt

140 3605 271 3679 ittonam
282 3609 439 3663 ministrare.
449 3609 520 3664 lnter
529 3610 684 3665 ministrare
694 3619 722 3664 et
730 3601 936 3668 subministrari
986 3605 1040 3661 Sed
1054 3608 1099 3661 ubi
1113 3607 1220 3662 bonitas
1234 3608 1326 3674 deest,
1345 3609 1442 3664 uitium
1456 3617 1508 3666 est.
1532 3609 1626 3667 Omnis
1639 3611 1711 3666 enim
1726 3627 1776 3673 na,-

142 3699 185 3755 sie
199 3699 265 3753 dicit
278 3698 380 3753 distare
392 3698 560 3770 dirigendus,
581 3699 652 3769 quod
667 3700 693 3754 in
707 3716 760 3755 nno
777 3701 873 3755 borum
889 3701 937 3757 ob
986 3705 1048 3751 tura
1062 3712 1130 3767 opus
1144 3697 1191 3751 liei
1204 3705 1254 3752 est.
1282 3697 1370 3768 Opera
1394 3700 1466 3754 enim
1488 3715 1549 3770 qua
1568 3701 1632 3755 vitia
1652 3701 1778 3756 dicuntur

144 3791 270 3860 sequium
293 3790 472 3854 buiriilitatis,
499 3791 527 3843 in
550 3791 636 3846 altero
655 3799 745 3846 autem
765 3792 937 3848 abundantiae
987 3796 1064 3844 octus
1077 3798 1150 3854 sunt,
1166 3804 1219 3844 non
1235 3807 1288 3846 res.
1302 3791 1465 3864 ,Quanquam
1480 3809 1529 3863 per
1544 3810 1573 3851 sc
1590 3810 1671 3866 agere
1685 3795 1779 3851 dicun-

142 3877 278 3947 iudieiom
304 3895 337 3935 ae
361 3882 504 3950 potestatis
527 3881 687 3936 ostenditur.
717 3883 740 3937 Α
765 3884 938 3940 ministrante
988 3886 1033 3933 tut·
1046 3879 1147 3948 aliquid
1163 3895 1224 3934 cum
1243 3895 1293 3946 ea,
1316 3889 1343 3935 et
1363 3897 1412 3952 per
1425 3897 1456 3937 ea
1473 3890 1559 3937 totum
1575 3885 1629 3955 egit
1645 3885 1778 3952 diabolus„
1859 3915 1862 3920 ·

144 3971 248 4042 qnippe
264 3971 424 4040 obsequium
441 3972 572 4038 redditur,
594 3986 610 4025 a
631 3973 855 4031 subministrante
873 3990 939 4031 vero
988 3972 1030 4028 rel
1044 3974 1170 4028 damnata
1184 3974 1320 4040 dicuntur,
1339 3990 1401 4033 cem
1420 3976 1477 4045 lpse
1496 3992 1545 4045 pro
1559 3977 1603 4033 bis
1616 3979 1778 4045 damnatum

145 4064 488 4135 subsidiumprarragatur.
988 4071 1018 4118 et
1035 4064 1117 4118 lremo
1139 4079 1201 4119 cum
1224 4079 1274 4132 per
1296 4064 1411 4120 liberum
1435 4064 1578 4128 arbitrium
1601 4066 1644 4128 bis
1668 4067 1791 4130 attactus„

181 4152 217 4207 Et
230 4155 253 4207 si
267 4154 394 4224 [epirotes
409 4155 531 4224 qcberuue
544 4170 633 4225 poeuas
647 4155 681 4208 ad
696 4157 774 4210 uitam
787 4168 939 4228 perpetuum
990 4154 1075 4207 trabit
1086 4154 1119 4207 ad
1131 4168 1251 4208 sensnm.
1266 4153 1300 4208 Et
1312 4154 1373 4209 ideo
1385 4155 1412 4208 in
1424 4154 1516 4210 loturo
1528 4155 1626 4212 seculo
1637 4171 1690 4212 non
1702 4168 1782 4220 eruut

148 4242 271 4298 miramus
285 4247 427 4313 peruenire.
445 4245 575 4301 Cebenna
589 4253 630 4301 est
644 4247 720 4303 locus
735 4249 819 4319 ignis,
842 4258 869 4303 et
883 4250 939 4305 sul-
990 4245 1071 4309 titia,
1097 4259 1157 4314 qoae
1180 4245 1208 4299 in
1235 4253 1345 4300 anctore
1368 4260 1417 4300 sno
1440 4245 1547 4300 diabolo
1571 4246 1780 4312 damnabuntur,

148 4334 254 4404 plaucis.
279 4333 373 4390 Futnri
388 4352 454 4407 ergo
468 4336 591 4405 supplicii
606 4337 697 4404 locus,
718 4340 763 4394 ubi
783 4351 941 4408 peccatores
990 4352 1053 4393 cum
1068 4337 1125 4402 illc,
1148 4337 1252 4392 scillcet
1274 4337 1432 4401 darnnatus,
1456 4338 1483 4391 5¹¹
1504 4338 1644 4408 gehenna·
1668 4349 1697 4393 1¹²
1718 4355 1783 4410 pec·

148 4423 290 4478 cruciandi
304 4433 377 4491 sunt,
394 4424 472 4493 tritius
487 4426 537 4481 toci
548 4427 680 4483 vocabulo
691 4428 857 4499 designatur.
873 4431 940 4486 Nam
992 4434 1054 4480 cent
1074 4426 1207 4492 transires,
1230 4425 1343 4496 amptius
1364 4433 1526 4496 potestatem
1548 4428 1606 4484 hac
1626 4442 1707 4506 ancre
1727 4444 1782 4494 non

150 4512 246 4582 duplex
264 4512 289 4567 ia
304 4515 425 4583 qehettna
439 4517 629 4572 decantatorum
651 4526 694 4573 cst
714 4534 811 4588 poeno,
834 4522 940 4576 illorum
953 4489 979 4549 D
992 4518 1112 4574 habebit.

151 4613 240 4660 autem
258 4616 286 4661 et
300 4616 418 4662 mentem
434 4609 490 4663 urit
508 4611 635 4676 tristitia,
659 4619 688 4666 et
708 4627 805 4682 corpus
824 4614 941 4669 iluimus.
1033 4611 1080 4666 l'el
1093 4613 1315 4667 conseruationem
1329 4612 1464 4674 charitatis
1476 4611 1788 4683 processeritsslroritas

152 4691 221 4749 Nom
237 4695 309 4750 sicut
322 4696 367 4751 ille
380 4697 450 4767 ignis
464 4699 564 4753 carniui
579 4716 633 4755 non
648 4703 716 4756 arsit
730 4701 763 4756 ad
780 4704 860 4757 trium
880 4721 944 4774 pue-
993 4708 1102 4774 Gracc,
1122 4708 1219 4764 Latine
1237 4707 1346 4764 dilectio
1366 4706 1571 4778 interpretatur,
1586 4723 1619 4765 eo
1632 4708 1705 4785 qnod
1717 4707 1785 4762 dnos
1858 4711 1871 4772 ,¹

151 4798 246 4843 torum
267 4787 445 4856 supplicium,
466 4798 497 4844 ot
518 4797 608 4844 tarnen
624 4793 690 4845 arsit
710 4792 743 4846 ad
763 4795 944 4850 comburenda
993 4797 1088 4868 illigat.
1107 4798 1183 4853 Unde
1196 4805 1223 4852 et
1235 4795 1380 4867 Apostolus
1392 4799 1425 4852 ad
1439 4795 1613 4856 Colossenscs
1625 4797 1682 4853 ait:
1699 4795 1785 4866 Super

152 4871 281 4949 &emina
298 4877 485 4932 vincnlorum:
507 4879 545 4932 ita
566 4880 635 4950 ignis
654 4881 782 4950 geliennas
800 4892 827 4937 et
845 4884 945 4946 lucebit
994 4886 1083 4940 aucuia
1102 4897 1188 4940 autem
1204 4887 1358 4940 citaritateru
1377 4886 1484 4950 bobeta,
1505 4886 1574 4958 quod
1593 4897 1631 4941 est
1651 4886 1784 4942 uinculum

153 4967 261 5023 miseris
280 4966 314 5021 ad
334 4976 477 5036 augmenta
492 4983 652 5036 petrarum,
671 4977 701 5024 ot
718 4985 771 5024 non
791 4969 893 5027 lucebit·-
909 4973 943 5027 ad
996 4979 1161 5048 perfectiouis
1176 4976 1288 5048 (Goloas.
1304 4976 1356 5046 nr).
1382 4975 1448 5031 Nam
1464 4978 1572 5033 dilectio
1590 4994 1606 5032 a
1623 4978 1728 5035 duobus
1744 4979 1786 5033 iu-

153 5058 365 5115 musolanonom
383 5059 553 5128 gaudiorum,
997 5069 1079 5137 cipit,
1103 5070 1173 5139 quod
1193 5078 1330 5129 estamor
1345 5068 1410 5134 Dei,
1434 5075 1462 5122 et
1482 5069 1610 5139 proximi.
1637 5069 1695 5126 Non
1711 5071 1785 5126 enim

189 5148 261 5203 Dum
275 5148 362 5202 adbuc
375 5160 458 5212 aecor,
473 5160 498 5204 et
512 5151 543 5204 iu
553 5151 601 5204 icoc
615 5168 723 5222 corporo
737 5170 838 5219 sumtis,
849 5164 873 5209 et
889 5156 944 5210 bac
999 5157 1154 5226 temporalis
1169 5159 1248 5213 debet
1259 5172 1320 5212 esse
1332 5157 1464 5225 ebaritas,
1479 5158 1526 5214 sed
1541 5160 1685 5214 observata
1698 5157 1786 5214 couti·

154 5241 243 5296 ommis
261 5256 308 5308 per
319 5240 385 5296 bauo
400 5239 466 5294 lacis
480 5242 548 5297 aiom
560 5251 635 5295 uacat
653 5243 770 5315 implere,
787 5247 945 5301 currendam
999 5266 1062 5304 nuo.
1080 5249 1156 5305 Unde
1170 5257 1197 5303 et
1210 5247 1274 5308 alibi
1287 5249 1383 5304 Petrus
1397 5251 1535 5319 apostolos
1550 5251 1603 5306 ait:
1619 5251 1685 5305 Aute
1698 5247 1785 5308 outuio

153 5339 177 5385 ct
192 5329 324 5401 coendum
339 5341 376 5386 ost
394 5331 470 5384 morlo
484 5332 554 5400 quoti
573 5335 600 5386 iu
618 5343 768 5403 perpetuum
784 5336 856 5390 uobis
870 5353 947 5402 cape·
999 5349 1117 5392 mutuam
1129 5338 1157 5391 in
1167 5339 1352 5409 uobismetipsis
1365 5341 1515 5396 continuam
1527 5341 1679 5396 cbaritmem
1689 5337 1786 5399 baben:

153 5421 222 5476 diat.
240 5421 313 5477 Ecce
327 5437 398 5475 nunc
412 5429 517 5492 tempus
530 5425 710 5492 acceptabile;
727 5441 791 5481 eece
803 5441 875 5481 nune
890 5428 948 5483 dies
999 5436 1037 5481 tes
1052 5427 1077 5498 (l
1090 5425 1216 5500 Petam).
1232 5427 1355 5484 Perfecta
1372 5431 1444 5484 enim
1458 5431 1592 5493 charitas,
1610 5435 1638 5482 et
1655 5437 1785 5497 perpetuo

153 5510 262 5566 salutis.
275 5510 419 5576 lacernas,
431 5512 697 5582 etrideamnsqnam
708 5515 948 5571 stracisestllomi·
999 5527 1157 5572 conseri-'ata
1175 5519 1201 5572 iu
1220 5519 1304 5574 Deum
1323 5529 1351 5575 et
1367 5522 1520 5591 proximum
1537 5533 1654 5573 autorem
1669 5522 1786 5586 compic-

153 5618 216 5671 nns,
229 5610 258 5656 et
272 5600 336 5658 dum
351 5611 456 5673 tempus
470 5611 512 5659 est
524 5619 670 5674 operemur
682 5605 780 5661 bonum
795 5609 828 5664 ad
842 5622 945 5663 omnes.
1000 5609 1083 5663 ctitur
1096 5618 1236 5664 atomum.

152 5693 223 5764 Quia
238 5694 312 5768 quod
326 5696 500 5754 seminaverit
514 5696 605 5762 tronto,
628 5698 678 5754 lroc
693 5707 720 5753 et
735 5708 826 5755 motet.
851 5699 883 5758 Et
900 5701 958 5789 qui
1036 5701 1099 5757 Nou
1115 5701 1293 5773 illicopnaore
1305 5702 1455 5772 perterritus
1470 5699 1583 5772 roiaqias
1598 5700 1665 5756 tiam
1679 5701 1784 5757 salutis.
