3810 6120
150 232 198 286 m
345 260 356 277 .
630 254 632 259 ,
788 209 963 268 susinum
983 208 1131 265 ausurus
1733 188 1841 267 κε’

147 348 276 411 usualiter
293 342 384 402 nnrndi
408 338 585 412 appellantur.
601 334 685 390 Totus
710 334 801 402 itaque
825 328 978 386 mundnsA
995 343 1004 377 r
1021 325 1096 382 denti
1111 341 1194 395 super
1205 326 1332 381 tirrenum
1346 325 1447 381 uirenti
1462 325 1489 379 in
1503 322 1600 380 marla
1614 323 1788 392 seculorum,

148 442 232 500 semis
244 454 293 494 sno
303 431 420 491 creatori
440 445 495 484 nou
510 425 664 496 deceptori;
683 419 862 491 redemptori,
886 433 939 472 non
995 434 1005 468 r
1019 414 1196 487 procidebant
1205 416 1300 486 uiginti
1313 425 1429 486 quatuor
1437 415 1558 471 seniores
1570 425 1635 471 ante
1647 415 1790 473 sedentem

148 527 352 598 interemptori,
366 531 392 578 et
400 521 504 592 regitur
515 515 716 588 dispensatione
724 513 886 578 diuinamou
893 508 941 563 ini·
996 526 1005 561 r
1023 509 1050 564 in
1065 509 1172 576 throno,
1187 518 1215 565 et
1229 508 1378 565 adorabant
1389 510 1524 565 uiuentem
1541 509 1571 564 iu
1585 508 1684 565 meula
1703 523 1791 566 saeeu·

148 620 213 677 miei
235 615 354 674 remotis
386 608 551 666 subvertitur
574 613 673 677 praeter
697 602 822 658 homines
849 606 941 669 partes
996 596 1151 653 «toroni

148 713 230 775 illius,
242 709 287 779 qul
299 704 408 778 propria
429 702 576 764 uoluntate,
588 715 641 754 non
655 695 820 752 necessitate
838 694 940 764 aliqua,
1035 685 1093 744 Vidi
1106 690 1201 745 ostium
1213 698 1332 760 opertum
1345 691 1373 744 in
1387 688 1459 744 coelo.
1473 689 1525 761 (Ex
1537 687 1633 761 Beda.)
1645 688 1674 744 ld
1686 698 1742 757 est,
1759 689 1791 747 E·

148 816 177 858 se
196 800 341 871 subjiciunt
364 793 487 855 diabolo,
511 789 624 846 undeet
644 786 789 858 Apostolus
804 786 862 840 ait:
879 782 942 840 Non
993 778 1054 838 dem
1066 783 1217 839 nativitatis
1229 783 1341 848 Christi,
1353 792 1381 838 et
1400 783 1554 852 passionis,
1572 791 1600 837 et
1614 784 1790 840 resurrectio·

147 901 186 947 est
198 891 272 947 nobis
283 885 433 943 colluctatio
446 883 571 937 aduersus
585 896 691 934 earnem
700 890 724 934 er
739 875 942 948 sanquineru,id
993 873 1036 927 nis
1049 874 1077 927 iu
1091 873 1222 928 Ecclesia.
1237 873 1341 930 Ostium
1350 882 1483 943 apertum,
1493 871 1634 928 Christum
1656 882 1791 931 natumst

148 989 202 1047 ω,
217 982 348 1037 adversus
362 976 497 1039 homines,
511 972 557 1026 sed
575 970 698 1027 aduersus
713 976 852 1040 potestates
864 977 888 1022 et
902 983 941 1021 re·
993 977 1102 1033 passum
1127 962 1238 1027 indicat,
1254 963 1310 1034 ipsc
1330 963 1469 1018 enimait:
1490 961 1547 1033 Epo
1560 979 1618 1017 sum
1631 965 1742 1030 ostium,
1767 967 1790 1020 si

149 1084 232 1127 stores
245 1070 411 1126 tenebrarunt
424 1067 520 1120 borum
553 1065 659 1138 (Epiros.
673 1059 725 1132 ur),
741 1059 767 1113 id
784 1065 836 1125 est,
848 1072 943 1129 pecca·
993 1052 1051 1121 quis
1066 1067 1112 1121 per
1128 1067 1168 1104 me
1178 1051 1320 1116 introierit,
1335 1053 1482 1105 sulcabitur
1495 1051 1588 1122 (toan.
1601 1052 1639 1125 r).
1653 1053 1688 1109 Et
1702 1055 1788 1112 alibi:

149 1171 248 1225 torum,
263 1160 310 1231 qui
327 1160 354 1214 ln
370 1152 490 1212 tenebris
516 1160 627 1208 rnancnt
643 1149 796 1220 iniquitatis
818 1164 887 1220 quos
900 1165 944 1205 re-
996 1140 1079 1196 Nemo
1094 1141 1160 1195 verrit
1170 1141 1204 1194 “d
1217 1150 1318 1212 patrem
1333 1143 1385 1196 '⁸5⁸¹'
1406 1159 1453 1212 per
1465 1158 1506 1197 me
1528 1141 1620 1215 (Jwt-
1633 1148 1700 1217 rur).
1711 1145 1790 1212 0⁰0³

148 1262 239 1309 stores
252 1248 362 1320 angelos
375 1262 436 1303 esse
448 1246 602 1302 desertores
619 1242 761 1313 designant
775 1281 782 1305 ,
809 1240 856 1294 sed
880 1246 944 1294 sunt
994 1243 1085 1287 autem
1099 1233 1164 1287 dicit
1178 1233 1205 1287 in
1220 1232 1298 1299 coelo,
1311 1233 1337 1287 in
1351 1233 1473 1291 Ecclesia
1494 1234 1642 1307 siguificat,
1655 1251 1716 1306 quae
1729 1251 1789 1293 coe·

148 1343 194 1414 qui
207 1357 257 1414 per
270 1340 387 1411 qratiam
398 1337 456 1402 Dei,
464 1351 518 1391 nou
527 1334 644 1405 propriis
658 1332 762 1388 riseritis
770 1331 831 1386 inde
844 1345 944 1385 eruun-
994 1323 1049 1379 lum
1062 1339 1123 1379 0⁵⁵8
1137 1326 1248 1390 meruli,
1262 1340 1294 1379 ⁰⁰
1310 1326 1381 1395 ‘1¹¹⁰d
1394 1326 1431 1381 Sil
1439 1326 1624 1383 habillfflluffi
1635 1328 1694 1384 ⁰01·

150 1442 203 1496 tur,
215 1434 248 1487 de
260 1431 359 1502 quibus
371 1429 409 1482 ait
426 1424 588 1495 Apostolus:
605 1423 629 1478 F
631 1424 706 1478 sistis
722 1423 790 1477 enirn
801 1419 943 1492 aliquando
1029 1414 1065 1469 Et
1080 1432 1129 1471 uox
1147 1417 1233 1488 primo
1247 1433 1326 1487 quom
1339 1417 1439 1481 audivi·
1455 1426 1580 1489 latebam
1593 1419 1663 1474 tube
1678 1419 1790 1492 toquere·

149 1524 271 1585 tenebre,
286 1528 450 1575 noscentem
465 1515 510 1571 lus
521 1516 548 1570 in
563 1515 687 1578 Dareine,
701 1525 728 1567 ut
741 1513 791 1582 filit
806 1512 873 1566 lucis
887 1528 944 1566 om·
994 1506 1027 1562 ιιι
1040 1523 1149 1560 metum·
1165 1506 1322 1562 Sientcnim
1335 1523 1386 1562 vox
1400 1509 1490 1576 labie,
1511 1510 1552 1566 sic
1577 1510 1790 1581 predicatorum

150 1617 248 1682 tatae,
260 1616 304 1670 sed
317 1614 406 1684 pretio
420 1609 475 1664 Deo
490 1610 533 1681 qui
546 1608 614 1662 eruit
626 1623 684 1670 tros,
696 1606 766 1660 sicut
793 1603 864 1658 idern
878 1602 944 1657 dicit
994 1614 1045 1654 t'ox
1056 1607 1109 1664 εει,
1123 1599 1230 1668 quando
1243 1599 1339 1654 inuitat
1349 1600 1486 1655 auditores
1497 1601 1532 1656 ad
1545 1599 1635 1658 tidem.
1648 1601 1727 1671 Quod
1737 1619 1788 1659 au·

149 1707 294 1778 Apostolus
307 1706 339 1760 de
353 1708 485 1774 potestate
510 1700 694 1761 tenebrarum,
711 1704 737 1750 et
752 1693 891 1750 transtulit
913 1693 940 1748 in
955 1682 978 1741 B
993 1698 1047 1746 tem
1065 1690 1153 1746 dixit:
1177 1690 1232 1746 l'oa
1242 1692 1338 1762 priona,
1352 1691 1512 1748 subauditur
1527 1685 1622 1750 tu'ista
1636 1694 1752 1754 risione.

150 1789 326 1869 regnanilii
345 1790 477 1848 claritatis
498 1804 564 1854 sune,
591 1788 618 1841 in
637 1802 691 1858 qno
714 1785 839 1857 princeps
863 1781 942 1850 iratius
1028 1779 1143 1834 Dicens:
1157 1781 1273 1836 Ascende
1287 1782 1348 1847 ltus,
1362 1792 1387 1839 et
1410 1784 1546 1838 ostendam
1564 1785 1612 1839 nti
1629 1801 1689 1856 qsoe
1711 1801 1791 1856 opor·

149 1883 260 1950 muudi,
283 1883 336 1938 boc
350 1889 401 1947 est,
425 1880 599 1935 tenebrarum
620 1877 726 1939 burum,
751 1890 803 1930 non
826 1873 943 1929 babebat
993 1881 1028 1925 tet
1040 1873 1100 1941 fiere·
1112 1875 1172 1927 ciro.
1184 1872 1261 1940 Quod
1274 1875 1357 1931 dicit:
1378 1877 1496 1932 Ascende
1509 1878 1580 1945 lue,
1605 1895 1660 1936 non
1673 1881 1708 1937 de
1727 1881 1790 1939 loeo

149 1975 307 2048 quidquam,
327 1973 390 2043 quia
415 1985 503 2040 neque
515 1983 577 2024 cum
596 1976 708 2038 peccato
722 1968 794 2023 Deus
811 1975 942 2032 uenerat,
993 1961 1127 2034 siqnillcat
1139 1965 1173 2018 ad
1187 1965 1287 2031 locum,
1299 1968 1346 2024 sed
1362 1970 1488 2036 ascende,
1501 1970 1528 2025 id
1539 1970 1742 2045 est,intelliqe,
1759 1983 1790 2029 et

149 2082 200 2123 uec
219 2066 278 2137 ejus
291 2077 400 2121 carerem
423 2062 456 2118 de
479 2060 585 2132 peccati
599 2059 744 2130 propagine
768 2059 844 2129 virgo
859 2072 942 2127 prpe·
992 2054 1083 2118 crede,
1097 2054 1301 2112 inlldelesculm
1316 2058 1413 2115 inuitat
1430 2060 1464 2116 ad
1483 2060 1620 2118 Christum
1644 2063 1788 2132 Ecclesia,

149 2165 234 2223 uerat,
248 2165 275 2213 et
288 2165 416 2226 tanquam
427 2154 452 2210 ei
463 2153 601 2208 diceretur
615 2169 621 2206 :
636 2150 693 2206 Cur
715 2165 780 2222 ergo
796 2149 940 2215 moneris,
993 2154 1020 2201 et
1031 2146 1065 2201 ad
1085 2145 1259 2216 baptismum.
1274 2147 1368 2205 Omnis
1380 2151 1453 2205 euim
1474 2152 1524 2222 qni
1544 2153 1636 2236 eredit
1646 2151 1789 2210 Christum

150 2251 239 2306 sinon
252 2247 336 2303 babes
353 2252 494 2316 peecatum
505 2244 549 2299 cui
563 2242 713 2299 debebatur
734 2242 831 2297 mortis
843 2241 943 2311 suppli·
993 2244 1086 2291 natum
1102 2246 1128 2293 et
1141 2253 1263 2308 passum,
1275 2241 1399 2296 ascendit
1416 2242 1449 2297 ad
1461 2241 1631 2299 altitudinem
1644 2243 1786 2312 Ecelsdn,

149 2333 232 2409 'cium
246 2341 376 2397 contiuuo
398 2337 514 2408 subjecit
530 2355 536 2392 ι
992 2335 1020 2382 et
1035 2329 1107 2384 ridet
1119 2330 1208 2384 lutura
1221 2330 1319 2389 allecto
1333 2333 1458 2403 spiritali,
1470 2334 1542 2389 unde
1556 2343 1584 2389 et
1597 2336 1730 2406 sequitur.

186 2433 237 2490 Sed
249 2441 277 2487 att
289 2439 428 2504 coquerent
442 2427 567 2486 arundus.
582 2428 645 2499 quio
667 2425 750 2496 diliqo
763 2417 887 2491 Putrem,
918 2434 942 2479 et
1028 2417 1092 2474 Post
1106 2420 1161 2474 boc
1175 2421 1215 2491 [ui
1236 2422 1263 2476 in
1283 2423 1388 2493 spiritu.
1411 2423 1441 2479 Id
1455 2433 1507 2491 est,
1520 2426 1662 2482 oonseusi
1686 2441 1789 2498 dumus

149 2527 216 2581 sicut
230 2523 384 2579 mandatum
399 2519 471 2575 dedit
486 2517 551 2574 stibi
563 2517 642 2572 Peter
656 2518 694 2572 sic
714 2516 795 2588 focio.
816 2515 941 2571 Discum·
993 2522 1093 2574 metim.
1107 2517 1235 2580 &iuquam
1253 2513 1364 2582 spiritus
1378 2529 1454 2571 meus
1468 2515 1541 2571 solus
1550 2524 1622 2572 esset
1633 2527 1711 2574 extra
1723 2532 1790 2575 eer-

150 2620 217 2674 bens
227 2616 301 2673 enim
315 2611 547 2670 discumbentibus
558 2607 733 2679 loquebatur,
746 2622 839 2661 eamus
851 2616 942 2662 autem
992 2615 1042 2670 pus
1055 2600 1082 2654 in
1096 2602 1201 2658 risione
1213 2605 1338 2673 spiritali.

150 2708 228 2772 dixit,
243 2720 297 2777 qao
315 2705 367 2761 nisi
380 2703 415 2758 ad
435 2702 512 2758 illum
527 2701 625 2765 locum,
647 2699 718 2754 unde
733 2696 822 2752 lucrat
834 2697 943 2753 traden-
1029 2699 1062 2754 Et
1077 2718 1134 2756 ecce
1152 2704 1227 2759 sedes
1252 2705 1336 2774 posite
1349 2717 1405 2762 erot
1419 2708 1447 2762 in
1461 2707 1534 2763 culo.
1550 2707 1580 2764 td
1600 2717 1651 2766 εει.
1662 2708 1789 2768 Ecclesia

150 2798 217 2856 dusl
231 2797 278 2852 Est
297 2796 378 2853 morti
391 2795 519 2860 traditus,
533 2793 579 2864 qui
595 2790 699 2847 nullum
718 2789 837 2846 habebat
858 2788 942 2844 merl·
991 2788 1113 2859 perlecta
1127 2791 1156 2847 in
1169 2793 1232 2849 lldc.

150 2899 208 2947 turn
221 2889 327 2957 mortis,
342 2888 392 2945 sed
413 2886 530 2944 babebat
557 2893 588 2940 ut
608 2891 760 2941 moreretur
785 2881 941 2937 mandatum
1028 2878 1063 2934 Et
1076 2898 1156 2951 supro
1170 2884 1257 2938 sedem
1269 2885 1371 2940 sedens.
1387 2886 1477 2953 idest,
1491 2904 1573 2960 super
1583 2890 1733 2950 Ecclesiam
1745 2910 1790 2952 se»

149 2980 244 3055 pm,
994 2968 1059 3027 dens
1068 2981 1125 3026 erat
1139 2970 1272 3039 Christus,
1284 2976 1391 3030 undeet
1405 2977 1551 3034 lsaiasait:
1572 2978 1631 3035 Vidi
1643 2981 1790 3041 bominem

277 3065 436 3124 somnust
456 3063 533 3122 OCT.
553 3059 812 3119 PENTECOSTES.
956 3030 978 3093 C
994 3059 1124 3117 sedentem
1133 3079 1213 3133 super
1227 3064 1324 3119 solium
1334 3064 1501 3123 excelsumet
1511 3069 1640 3126 eleuotsut
1653 3072 1721 3144 (lae.
1735 3075 1789 3148 vri,

150 3175 248 3220 rscrro
265 3174 339 3216 ursas
356 3172 529 3214 mensurasse
558 3171 637 3212 usuri
663 3170 772 3214 ros-rurs
789 3170 940 3222 arosrorr,
993 3152 1081 3217 idest,
1098 3169 1178 3224 snper
1190 3155 1342 3212 Ecclesiam
1355 3157 1383 3213 in
1399 3158 1453 3214 tide
1462 3160 1570 3217 excelsa
1583 3171 1612 3218 et
1624 3163 1651 3218 ln
1665 3179 1714 3235 spe
1724 3166 1791 3224 ulta

176 3302 183 3311 ,
485 3242 544 3283 ⁶¹¹⁹·
567 3242 603 3281 W·
992 3252 1101 3300 murum
1112 3243 1228 3302 feliciter
1238 3247 1380 3304 elevatam.

188 3360 198 3397 ι
215 3343 277 3400 Vidi
287 3342 386 3398 ostium
397 3349 521 3412 apertum
532 3341 560 3397 in
573 3339 653 3407 coelo,
665 3348 692 3397 et
700 3355 751 3397 uox
763 3340 849 3412 prima
861 3354 941 3409 quam
1027 3335 1063 3390 Et
1076 3337 1120 3406 qui
1136 3337 1250 3403 sedetur,
1266 3340 1360 3394 similis
1374 3351 1429 3396 eret
1444 3352 1550 3414 aspectu
1560 3344 1657 3416 lapidis
1671 3347 1791 3418 jaspidis

153 3452 163 3486 ι
181 3433 287 3499 audiri,
303 3441 431 3504 tanquam
444 3433 515 3488 tubm
538 3432 676 3504 loquentis
690 3446 810 3496 mecum,
823 3431 917 3487 dicens
933 3449 940 3486 :
992 3439 1017 3485 et
1033 3429 1134 3491 sardii,
1161 3437 1214 3486 eto.
1226 3429 1315 3501 iaspis
1325 3433 1444 3488 colorem
1469 3435 1552 3490 babet
1571 3436 1649 3505 quasi
1677 3437 1787 3506 maris,

154 3525 301 3582 «Ascende
319 3526 382 3592 buc,
397 3533 425 3580 et
441 3524 584 3580 ostendam
603 3524 652 3580 risi
676 3539 736 3595 quae
754 3532 862 3594 oportet
884 3525 942 3581 tueri
993 3522 1100 3577 sardius
1123 3522 1199 3592 quasi
1227 3525 1375 3594 sanguinis.
1409 3525 1462 3581 Per
1481 3526 1616 3599 jaspidem
1637 3529 1791 3601 baptismus

153 3636 162 3668 r
178 3617 243 3672 cito.
266 3614 330 3671 Post
345 3616 401 3670 lraec
416 3614 509 3668 stutirn
522 3612 561 3668 lui
583 3614 610 3669 iu
625 3613 732 3684 spiritu.
743 3613 777 3668 Et
786 3629 851 3670 ecce
864 3613 943 3671 sedes
994 3613 1161 3685 intelligitur,
1177 3628 1226 3684 per
1242 3616 1374 3681 sardium,
1387 3619 1556 3689 martyrium.
1574 3616 1634 3676 istae
1647 3636 1790 3692 compara·

154 3725 163 3759 r
179 3705 267 3776 posita
282 3704 380 3760 eratin
392 3702 599 3773 coelo,etsupra
617 3704 707 3760 sedern
729 3705 835 3760 sedens.
851 3703 885 3758 Et
897 3702 942 3773 qui
994 3707 1080 3762 tiones
1094 3709 1258 3763 conueniunt
1280 3709 1419 3776 Ecclesia,
1435 3727 1488 3781 qua
1513 3711 1622 3768 indutus
1639 3722 1683 3769 est
1706 3713 1791 3773 cun-

154 3814 163 3845 ι
182 3793 292 3850 sedebat
315 3791 412 3848 similis
429 3800 489 3847 crat
501 3793 623 3864 aspectui
643 3793 759 3862 lapidis,
776 3792 893 3865 jaspidis
915 3799 943 3847 et
992 3805 1061 3852 stus.
1076 3797 1126 3853 iris
1137 3813 1217 3853 arcus
1228 3807 1269 3854 est
1280 3800 1307 3854 in
1318 3799 1398 3865 coelo,
1412 3801 1458 3871 qui
1473 3801 1610 3871 significat
1620 3803 1723 3865 b'orum
1736 3803 1790 3865 Te2

154 3904 163 3935 ι
182 3883 282 3942 sordii;
317 3890 345 3938 et
366 3881 414 3937 iris
433 3890 492 3938 erat
509 3881 538 3938 iu
562 3883 678 3939 circuitu
698 3883 770 3940 sedis
791 3883 888 3939 similis
900 3883 941 3937 vi·
993 3898 1167 3956 aramentum,
1180 3891 1262 3946 babet
1275 3894 1349 3947 enim
1361 3901 1416 3948 tres
1429 3894 1546 3959 colores,
1558 3911 1652 3966 aquare,
1674 3897 1791 3969 sulphu-

154 3976 251 4033 «sinui
273 3975 461 4048 smaragdina,
478 3983 506 4031 ct
521 3976 549 4032 iu
566 3976 682 4033 circuitu
704 3976 777 4032 sedis
798 3977 892 4033 sedilia
906 3977 944 4031 ri·
993 3980 1042 4045 ris,
1055 3992 1083 4037 et
1097 3982 1176 4052 iguis.
1196 3981 1247 4037 Per
1266 3998 1366 4052 aquam
1387 3983 1537 4054 baptismus
1552 3987 1718 4059 intelligitur,
1739 4004 1791 4061 prr

155 4086 163 4118 ι
180 4068 246 4141 giuti
263 4074 391 4138 quatuor,
402 4075 429 4123 et
444 4083 525 4138 supra
537 4067 649 4124 thronos
663 4067 759 4139 uiginti
770 4077 889 4138 quatuor
900 4083 944 4123 se-
993 4071 1149 4142 sulpburem
1165 4072 1335 4142 poeuitentia,
1352 4075 1505 4146 perignem
1530 4076 1707 4147 martyrium,
1724 4093 1789 4133 nam

154 4179 163 4211 ι
181 4162 281 4226 uultures,
297 4161 422 4217 sedentes
436 4161 538 4218 circum
558 4163 649 4219 amicti
663 4162 739 4218 stolis
751 4162 840 4229 albis,
870 4172 898 4219 et
914 4164 943 4220 in
993 4170 1021 4216 et
1037 4176 1107 4230 aqua
1117 4162 1191 4216 uenit
1204 4163 1232 4218 tu
1245 4163 1357 4228 diluvio,
1367 4164 1480 4235 sulphur
1490 4168 1628 4222 descendit
1640 4182 1723 4237 super
1737 4166 1790 4224 Eo-

154 4272 163 4304 r
183 4254 315 4324 capitibus
328 4269 423 4309 eorum
434 4268 548 4312 coronas
557 4270 664 4312 aureas.
678 4256 713 4310 Et
724 4255 758 4312 de
771 4257 869 4315 tlurooo
879 4273 943 4328 pro·
994 4251 1112 4316 domam,
1127 4252 1198 4322 ignis
1216 4253 1308 4308 veniel
1319 4262 1439 4324 lembore
1451 4254 1559 4324 iudicii·
1573 4256 1670 4311 saur.
1694 4255 1748 4313 iris
1760 4257 1788 4314 in

154 4361 163 4393 ι
181 4343 312 4398 cedebant
328 4342 444 4415 fulgura,
459 4353 487 4400 ot
502 4356 626 4402 receset
643 4347 772 4414 tonitrua,
787 4357 816 4404 et
838 4357 940 4418 septem
993 4345 1108 4402 circuitu
1120 4345 1202 4411 sedis,
1214 4344 1389 4416 Elffltsslium
1400 4347 1535 4419 signifieat
1550 4349 1578 4402 iu
1601 4348 1718 4404 cimbia
1737 4349 1790 4405 30-

154 4451 163 4481 «
180 4432 316 4505 laurpades
337 4435 464 4491 ardentes
490 4445 553 4492 ante
577 4438 714 4502 tbronnm,
731 4454 791 4508 quae
817 4449 880 4495 sunt
899 4455 942 4496 εε-
954 4395 981 4457 D
993 4436 1090 4500 elesius
1105 4451 1168 4491 nam
1181 4445 1209 4492 et
1219 4438 1379 4507 smaragdus
1391 4453 1468 4509 aquae
1485 4448 1513 4494 et
1528 4439 1598 4510 ignis
1617 4439 1700 4496 babet
1712 4441 1788 4497 οοιε-

153 4542 162 4573 t
180 4519 377 4596 pteruSpiritus
391 4524 449 4580 liei,
466 4525 501 4580 Et
513 4526 541 4580 in
551 4538 698 4597 maspectu
713 4529 795 4594 sedis,
812 4537 942 4599 nusquam
993 4540 1062 4591 rem,
1075 4527 1237 4596 baptismum
1250 4526 1405 4597 significans
1416 4537 1444 4583 et
1455 4529 1624 4599 martyrium.

154 4627 255 4667 «mare
269 4613 944 4687 rin-cumsimilecrystallmetinmediosedis,et
1028 4616 1064 4671 Et
1074 4618 1103 4671 in
1116 4617 1227 4672 circuitu
1245 4617 1314 4672 sedis
1324 4617 1419 4673 sedilis
1444 4619 1535 4689 siqinti
1557 4628 1582 4674 et
1598 4628 1735 4691 mutuor,
1765 4631 1790 4676 et

154 4719 164 4753 ι
182 4702 209 4757 iu
222 4702 337 4759 circuitu
347 4704 428 4771 sedis,
437 4713 554 4775 quatuor
564 4705 690 4763 arrimalia
697 4707 776 4778 plena
785 4708 871 4765 oculis
879 4717 943 4766 unte
993 4727 1074 4782 supro
1087 4711 1195 4765 tironos
1210 4711 1300 4782 utqirui
1322 4720 1437 4781 quatuor
1459 4714 1574 4768 seniores
1598 4712 1728 4768 sedentu.
1746 4713 1790 4770 li·

155 4814 163 4845 ι
181 4802 208 4849 ει
226 4803 311 4850 retro.
335 4795 369 4850 Et
389 4794 489 4855 animal
511 4796 629 4866 primum
648 4797 737 4855 simile
751 4798 833 4866 leoni,
848 4807 876 4857 et
903 4815 944 4856 se·
994 4802 1060 4873 giuti
1073 4801 1231 4872 decalogum
1253 4802 1430 4872 duplicatum,
1443 4811 1560 4874 quatuor
1572 4818 1637 4858 rero
1650 4804 1790 4876 signifieat

154 4884 295 4940 reundum
309 4886 408 4943 animal
430 4885 518 4943 simile
540 4886 634 4952 ritulo,
657 4897 685 4943 ct
709 4889 819 4946 tertium
841 4890 941 4946 animal
991 4902 1108 4963 quatuor
1120 4892 1275 4964 Evangelia.
1301 4892 1365 4949 Siue
1384 4894 1478 4965 uiginti
1505 4903 1623 4963 quatuor
1640 4894 1788 4959 seniores,

154 4994 163 5026 ι
181 4975 473 5050 liabenslaciemquasi
483 4978 610 5047 bominis,
623 4981 942 5051 etquartnmanimalsi·
991 4983 1133 5040 duodecim
1149 4983 1326 5052 patriarchas,
1339 4991 1366 5038 et
1390 4982 1531 5037 duodecim
1550 4981 1705 5054 siguiboaut
1720 4996 1790 5054 apo·

153 5066 242 5123 «mile
258 5067 355 5138 aquilae
369 5066 479 5125 uolanti.
497 5068 532 5125 Et
553 5079 671 5143 quatuor
688 5071 824 5139 animalia,
837 5075 941 5145 ungula
992 5075 1084 5131 stolus.

154 5171 273 5215 reorum
289 5157 425 5215 habebant
451 5160 508 5218 alas
531 5176 621 5229 senas,
636 5164 706 5219 etin
720 5164 845 5230 circuitu,
861 5166 943 5221 erin·
1027 5165 1242 5221 circumamictos
1265 5165 1421 5221 uestimentis
1437 5165 1514 5221 alib.
1535 5165 1592 5221 lloc
1617 5175 1680 5231 est,
1703 5180 1790 5236 opere

154 5259 225 5306 ‹tns
243 5249 507 5322 plenasuntoculis,
523 5263 550 5310 et
575 5257 694 5329 requiem
719 5272 772 5313 uon
801 5258 940 5315 habebant
991 5255 1134 5312 castitatis.
1154 5255 1230 5311 Unde
1243 5263 1271 5309 et
1285 5254 1414 5310 Salomon
1428 5255 1489 5310 ait:
1510 5254 1589 5311 Omni
1601 5264 1719 5325 tempore
1734 5255 1790 5310 dut

154 5359 163 5391 ι
179 5340 224 5397 die
245 5355 277 5395 ac
292 5350 372 5396 noete
384 5342 501 5398 dicentia
514 5361 521 5397 ε
536 5342 666 5412 Sanetus,
682 5355 803 5412 sauctus,
817 5357 938 5414 sanctus,
992 5348 1142 5403 uestimenta
1156 5357 1201 5400 tna
1213 5346 1326 5400 candida
1346 5346 1444 5417 (Eecte.
1460 5345 1518 5418 rr),
1542 5347 1633 5409 idest,
1647 5360 1715 5401 earo
1741 5353 1790 5402 tua

153 5449 163 5481 t
179 5430 309 5488 Dominus
330 5429 594 5502 deusomnipotens,
609 5435 655 5504 qui
676 5444 747 5501 erat,
758 5438 804 5508 qui
823 5447 887 5503 est,
913 5447 942 5494 et
993 5437 1027 5491 ab
1039 5436 1114 5491 omni
1128 5435 1283 5505 pollutionis
1304 5436 1384 5490 sorde
1400 5434 1541 5501 murudata,
1551 5443 1580 5490 et
1592 5433 1724 5503 pudicitia
1744 5449 1790 5491 ca·

154 5539 164 5572 r
181 5523 226 5593 qui
241 5532 370 5580 uenturus
380 5531 432 5578 est.
447 5522 480 5578 Et
501 5522 563 5580 dum
579 5523 675 5580 darent
688 5525 733 5580 illa
745 5535 860 5596 quatuor
882 5531 940 5585 aui·
993 5528 1094 5584 stitutis
1108 5536 1215 5582 oruata.

155 5613 257 5668 «matta
271 5615 383 5688 gloriam
398 5623 424 5672 et
443 5615 585 5682 bonorem,
605 5624 632 5672 et
659 5617 871 5674 benedictionem
897 5635 941 5677 se·
1029 5620 1063 5674 Et
1080 5621 1108 5675 in
1118 5619 1245 5692 capitibus
1260 5635 1349 5677 eonem
1366 5634 1469 5674 rorone
1487 5634 1586 5675 auree.
1600 5617 1629 5675 id
1647 5625 1697 5683 est,
1709 5616 1788 5688 priu-
