3810 6120
132 341 189 407 909
549 345 807 410 coiunctiones
824 348 857 406 til
878 343 1071 409 EPiSTOLbS
1090 352 1135 408 st
1155 351 1362 411 EVANGEle.
1720 363 1777 423 titt

132 462 318 523 solicitatur
338 460 438 534 quippe
459 463 707 520 utsitetiuuobis.
729 462 782 519 Sed
796 461 882 518 rideri
901 469 930 517 et
942 464 998 526 Aa
1021 477 1075 533 quo
1088 462 1171 520 habet
1193 464 1245 520 boc
1262 465 1362 536 ipsum,
1381 463 1502 537 quodilli
1524 476 1567 526 est
1587 467 1786 536 lndilleronter·

133 556 212 622 seiri,
227 554 458 628 quemadmodum
477 557 609 614 videndus
621 564 648 612 ει
657 557 783 616 sciendus
801 565 854 624 εει,
875 572 930 614 non
979 555 1103 625 ematis.
1120 555 1179 612 Non
1201 557 1343 625 miremur,
1355 573 1409 614 non
1421 573 1580 630 paveamus,
1603 576 1711 624 nonest
1723 571 1775 627 mi·

134 655 226 722 potest
240 645 356 710 anobis,
369 646 393 702 si
408 647 643 704 nonsitinnobis.
979 659 1033 703 nor
1053 650 1145 717 Patre,
1167 649 1215 705 sed
1241 659 1360 719 nonest,
1385 651 1439 708 nisi
1458 653 1574 720 aratro,
1597 671 1651 712 nou
1679 661 1775 731 utique

165 739 230 797 lios
249 738 395 811 relinquam
410 755 454 795 ros
468 740 610 812 orphanos,
621 749 674 797 etc.
695 739 931 812 Postpromissio-
979 752 1075 806 suum,
1100 739 1148 793 sed
1168 737 1257 795 l’atris
1277 747 1320 796 εει
1342 742 1472 810 verbum,
1491 746 1627 814 quomodo
1647 763 1699 805 nec
1725 752 1774 807 sua

133 846 198 888 nem
210 829 332 902 Spiritus
343 827 431 885 sancti
453 831 567 900 nequis
589 839 709 902 putaret,
733 831 852 904 quodita
866 847 929 889 eum
980 827 1079 899 imago,
1091 829 1140 886 sed
1159 825 1268 898 Patris,
1296 844 1349 888 nee
1369 845 1435 889 suus
1444 832 1527 892 Filius
1546 836 1617 891 idem
1633 837 1700 908 ipse,
1725 841 1774 897 sed

133 923 267 980 Dominus
286 922 401 978 daturus
420 920 521 991 luerat,
543 924 618 980 volut
633 940 685 995 pro
701 926 800 998 seipso,
821 935 851 981 ut
874 941 929 982 non
978 921 1074 991 patris.

132 1024 164 1071 ut
174 1017 234 1086 ipse
257 1014 371 1071 cumeis
394 1021 468 1070 esset
486 1013 605 1080 lutums,
628 1015 749 1087 adjecit:
768 1015 830 1073 lion
851 1017 930 1070 reiis·
1015 1008 1264 1068 lleetoeaiuesrtm
1277 1014 1483 1088 nobitepudoos
1495 1022 1772 1096 menens‚etreirqua.

110 1122 213 1181 ,qums
233 1124 279 1164 res
304 1106 445 1177 orplmrror.
470 1107 602 1175 Quamvis
619 1122 684 1180 ergo
703 1123 754 1164 nos
765 1105 849 1164 Filius
880 1107 928 1163 lici
978 1099 1056 1174 Apud
1070 1117 1119 1158 tot
1145 1116 1271 1170 manens,
1285 1105 1384 1175 ulique*
1397 1109 1543 1178 presentia
1557 1112 1703 1182 corporali,
1719 1129 1773 1185 qua

132 1215 184 1256 suo
195 1198 272 1260 Patri
289 1197 460 1269 adoptaverit
478 1196 559 1264 iiiios,
577 1200 738 1255 eteumdem
749 1199 861 1255 Patrem
876 1214 928 1256 nos
977 1206 1041 1247 eum
1067 1191 1121 1247 iliis
1144 1191 1261 1248 visibilis
1289 1194 1468 1265 loquebatur:
1485 1196 1641 1256 Pbreeietes
1670 1211 1771 1269 autent,

131 1289 251 1345 noluerit
275 1288 377 1344 babere
400 1288 599 1360 pergratiam,
631 1289 676 1360 qui
700 1289 760 1360 eius
773 1288 856 1345 Pater
874 1297 926 1357 est,
977 1281 1075 1354 inquit,
1084 1279 1201 1354 Spiritus
1215 1295 1334 1352 sanetus,
1355 1302 1432 1359 qoem
1442 1289 1526 1343 mittet
1538 1292 1619 1347 Peter
1628 1291 1656 1346 ιιι
1669 1296 1773 1349 nomine

131 1393 184 1450 per
195 1386 322 1433 naturam
337 1385 428 1433 tamen
448 1378 532 1432 etiam
548 1378 606 1450 ipse
616 1392 682 1451 erga
704 1393 755 1434 nos
781 1388 926 1451 paternum
976 1387 1044 1438 mee,
1061 1369 1106 1426 ilie
1124 1389 1169 1427 roe
1187 1373 1288 1429 docebit
1303 1377 1401 1431 omnio.
1417 1375 1485 1433 Nam
1501 1380 1619 1448 quando,
1635 1381 1678 1436 rel
1691 1397 1774 1452 quem

131 1469 334 1542 quodammodo
344 1469 516 1526 demonstrat
526 1469 663 1538 affectum,
687 1485 750 1527 cum
760 1470 847 1527 dicit:
864 1470 927 1527 Non
972 1460 1091 1533 Sitifim
1105 1468 1219 1519 melliti
1229 1463 1320 1531 d⁰oe12
1334 1465 1444 1522 ‘linitis
1464 1465 1523 1538 59⁸³
1537 1468 1627 1534 dotti.
1646 1470 1695 1526 ted
1705 1487 1773 1543 quo·

131 1559 281 1633 relinquam
308 1577 353 1615 ror
371 1561 513 1631 orplraaor.
534 1561 637 1619 Deinde
658 1562 783 1633 sequitur
804 1579 811 1616 :
835 1560 927 1618 Adnue
976 1552 1050 1609 uiam
1061 1554 1172 1610 trinitas
1193 1563 1247 1622 est,
1262 1555 1408 1626 oportebat
1420 1556 1479 1627 eius
1493 1559 1614 1633 singulas
1632 1562 1775 1623 insinuare

130 1651 266 1706 ndiesrrr
281 1661 305 1706 et
320 1650 435 1706 mundar
454 1667 495 1705 me
510 1651 570 1723 jem
594 1669 647 1710 non
667 1652 748 1719 cidit,
773 1669 818 1710 ror
838 1662 927 1708 cutm
976 1659 1121 1716 personas,
1134 1661 1231 1704 omnes
1243 1647 1327 1722 igitur
1336 1655 1364 1704 ει
1378 1649 1444 1705 dicit
1453 1657 1481 1705 et
1491 1650 1572 1707 docet
1580 1654 1699 1723 trinitas,
1725 1656 1774 1715 scd

130 1742 227 1798 ‚uem
245 1758 298 1809 m,
318 1743 381 1814 quta
393 1758 439 1814 09⁰
455 1744 510 1799 „500
525 1754 549 1798 er
563 1745 716 1800 vomuere„
737 1743 808 1812 Quid
823 1745 928 1801 2311,oe
977 1735 1030 1792 nisi
1056 1736 1140 1792 etiam
1169 1737 1327 1809 singillatim
1349 1743 1598 1811 commendaretur,
1623 1750 1691 1803 eam·
1713 1748 1774 1803 nul·

130 1835 206 1905 quod
230 1833 265 1890 de
281 1833 409 1905 presenti
429 1849 460 1890 se
482 1833 553 1890 ‹irrit
576 1836 679 1903 rivere,
698 1835 759 1891 iilos
782 1843 874 1892 autem
893 1835 927 1891 de
940 1819 964 1881 Β
977 1827 1004 1914 lo
1029 1829 1109 1885 modo
1136 1830 1255 1885 bumana
1285 1845 1383 1902 capere
1416 1842 1554 1905 uteunque
1576 1846 1668 1907 posset
1693 1837 1771 1894 intir-

130 1925 226 1982 luturo
239 1938 302 1979 esso
322 1925 464 1981 ricmrost
482 1923 539 1980 Nisi
560 1925 625 1997 quia
649 1925 704 1981 rita
726 1926 810 1982 etiam
837 1926 928 1982 camis
978 1918 1069 1974 stillas·

131 2016 230 2087 urique
255 2016 437 2086 resurgentis,
457 2015 546 2086 qualis
567 2016 674 2089 inipso
697 2017 879 2088 precedebat,
900 2025 928 2073 ot
1013 2009 1240 2084 Pueemrelinqao
1253 2013 1333 2081 nobit,
1361 2031 1452 2086 pacem
1466 2020 1599 2076 meomdo
1616 2020 1773 2079 eolis.an

129 2104 191 2163 iilis
218 2114 262 2163 est
287 2105 424 2179 pollicitus
445 2113 613 2163 secuturam.
643 2108 716 2165 Duas
740 2123 807 2181 ergo
834 2123 928 2164 resur·
977 2098 1772 2182 estquodiegtmusapudpropiretam:l¹acemmperpaeem.

130 2195 280 2264 rectiones,
303 2210 382 2251 suam
399 2196 504 2252 scilicet
519 2212 582 2252 mox
596 2193 735 2265 loturam,
759 2200 788 2254 'et
804 2205 927 2253 nostram
977 2187 1077 2246 Palem
1101 2191 1180 2246 ΜΒ
1204 2193 1334 2265 relinquit
1346 2196 1444 2263 illuit·
1471 2212 1565 2268 paoem
1593 2215 1671 2257 suam
1694 2202 1773 2259 nobit

130 2286 162 2342 in
184 2284 345 2342 linesaeculi
368 2293 523 2355 uenturam,
548 2287 653 2342 duobus
673 2287 764 2344 verbis
784 2287 928 2358 praesentis
977 2283 1053 2338 dabit
1075 2282 1168 2339 iniine
1177 2292 1318 2353 uenturus,
1341 2302 1436 2358 pacem
1450 2289 1529 2346 nobis
1540 2291 1667 2362 relinquit
1681 2293 1708 2348 in
1721 2295 1773 2351 boo
1821 2344 1823 2349 ⁴

131 2378 266 2450 temporis
273 2385 302 2435 ει
317 2378 413 2446 iuturi,
427 2378 565 2451 eleganter
586 2378 760 2450 breuiterque
778 2378 925 2452 promisit:
978 2375 1088 2441 seculo,
1109 2391 1205 2455 pacem
1220 2393 1296 2433 suam
1313 2379 1392 2436 uobis
1406 2382 1482 2438 dabit
1501 2383 1530 2437 in
1545 2383 1637 2440 iuturo
1659 2387 1770 2444 saeculo.

132 2465 193 2525 Sed·
213 2469 342 2539 quoniam
364 2478 426 2541 post
449 2469 697 2535 resurrectionem,
723 2470 807 2525 etiam
839 2470 927 2542 ipsam
977 2466 1077 2523 Pacem
1103 2468 1183 2525 nobis
1202 2470 1343 2541 relinquit,
1368 2471 1471 2544 inqua
1498 2484 1641 2532 manentes
1665 2479 1773 2533 bostem

130 2575 246 2617 earnem
275 2577 362 2629 suam,
390 2577 473 2633 quam
499 2577 553 2617 non
584 2562 673 2618 solum
696 2562 852 2629 videndam,
881 2577 928 2619 ve·
978 2557 1123 2624 uncrinus,
1150 2574 1246 2631 paoem
1269 2577 1347 2618 suam
1369 2563 1448 2620 nobis
1471 2565 1557 2632 dabit,
1582 2569 1691 2638 quando
1714 2569 1775 2625 sine

131 2650 290 2708 nemetiam
300 2651 522 2708 contrectandam
536 2651 747 2719 demonstrarit,
767 2653 825 2708 suis
843 2652 929 2709 soluit
977 2649 1057 2705 boste
1080 2651 1264 2721 regnabimus.
1291 2652 1389 2709 Paoem
1403 2655 1514 2726 reliquit
1536 2658 1626 2724 nobis,
1650 2660 1774 2716 utetiam

128 2741 329 2811 demonstrare,
339 2759 394 2800 non
404 2745 738 2811 suissubtrabere,etboc
748 2754 791 2802 est
801 2743 925 2811 sortasse,
977 2738 1024 2795 bic
1036 2738 1152 2794 invicem
1167 2738 1321 2811 diligamus,
1347 2743 1374 2797 in
1390 2742 1436 2799 ilio
1449 2752 1551 2812 temen,
1578 2755 1660 2818 atque
1672 2748 1708 2804 ab
1727 2748 1774 2804 iiio

129 2836 220 2894 afflue
228 2837 365 2893 modicu-
374 2838 529 2895 eemundus
539 2840 648 2911 mnam
659 2839 810 2908 nonvidet,
820 2854 869 2896 vos
879 2854 928 2895 au.
977 2837 1021 2887 est
1035 2829 1115 2886 nobis
1128 2845 1182 2900 pax
1193 2847 1212 2898 ;,
1232 2832 1288 2903 ipre
1301 2842 1339 2887 est
1350 2849 1404 2904 pce
1416 2843 1517 2901 nostro,
1532 2839 1577 2908 qm·
1587 2836 1649 2907 feeit
1662 2847 1775 2912 utreque

130 2937 187 2985 m
196 2928 296 2984 ridetis
305 2943 359 2984 me.
978 2937 1060 2978 seam
1073 2920 1181 2994 (lipia.
1193 2919 1236 2995 n),
1247 2938 1301 2995 pax
1310 2939 1376 2996 ergo
1388 2925 1445 2996 ipse
1454 2927 1534 2984 nobis
1542 2937 1595 2996 est,
1604 2937 1632 2985 ει
1642 2944 1703 2986 cunr
1714 2945 1775 2987 cre·

164 3016 201 3074 ln
219 3017 269 3073 illo
291 3019 346 3086 die,
359 3018 458 3091 inquit,
475 3036 520 3076 oor
536 3021 708 3092 cognoscetis,
727 3022 791 3093 quio
811 3038 928 3096 epotam
978 3013 1068 3072 dimus
1081 3015 1145 3085 quia
1165 3022 1217 3083 est,
1235 3023 1264 3072 et
1288 3030 1350 3071 curn
1365 3017 1518 3074 ridebimus
1539 3036 1601 3076 eum
1624 3023 1705 3078 sicuti
1719 3031 1772 3080 est.

128 3109 158 3165 ib
172 3108 254 3166 hire
273 3126 342 3178 meo,
364 3119 417 3167 etc.
443 3110 473 3166 lu
497 3126 552 3185 quo
577 3111 644 3168 diet
669 3112 724 3170 nisi
735 3114 768 3170 de
792 3129 847 3188 qno
866 3115 925 3171 ait:
979 3105 1057 3174 011οΰ
1069 3121 1140 3163 '01'0-
1155 3106 1290 3176 idllfflflb
1306 3106 1369 3162 ΝΜ
1383 3108 1514 3179 simil
1527 3110 1641 3167 mundus
1658 3110 1716 3180 ἅθ’,
1727 3130 1774 3186 09⁰

128 3198 165 3257 lt
182 3217 230 3256 ros
245 3202 347 3270 cintia,
366 3209 432 3258 tunc
450 3202 525 3259 euim
545 3203 599 3259 erit
617 3211 647 3258 ut
671 3203 808 3276 possimus
831 3204 925 3263 ridere
941 3171 963 3235 C
978 3198 1013 3255 do
1028 3199 1107 3263 uobis,
1121 3200 1186 3268 quid
1199 3207 1240 3255 est
1251 3198 1334 3263 aliud,
1349 3198 1402 3255 nisi
1421 3214 1474 3254 non
1490 3202 1627 3272 quomodo
1649 3203 1775 3262 homines

128 3293 203 3370 qued
220 3292 370 3361 modinum,
392 3309 456 3350 nam
479 3301 507 3351 ει
530 3308 603 3351 nunc
615 3300 658 3350 est
671 3293 800 3361 innobis,
825 3302 853 3352 ει
874 3310 925 3351 nos
975 3291 1052 3357 dent,
1080 3292 1127 3362 qui
1147 3300 1260 3363 propter
1272 3307 1304 3348 ea
1318 3292 1371 3348 sibi
1384 3293 1449 3348 dant
1462 3308 1569 3364 pacem,
1593 3304 1623 3352 ut
1637 3298 1696 3354 sinc
1714 3313 1774 3354 rno-

128 3386 227 3444 iulllo.
245 3385 522 3454 Qnilrobetmmrdeto
540 3403 609 3454 meo,
624 3396 649 3442 et
667 3396 808 3455 serentes,
820 3387 869 3443 ille
888 3396 926 3442 est
976 3381 1054 3439 lestla
1076 3397 1130 3439 non
1154 3381 1229 3449 lieo,
1257 3383 1306 3440 scd
1329 3383 1417 3440 amico
1439 3399 1489 3441 suo
1503 3387 1604 3443 mundo
1627 3388 1773 3459 periman-

129 3479 180 3551 ρει
193 3477 284 3550 diligit
304 3494 357 3544 me,
384 3479 430 3550 qui
444 3479 527 3535 babet
544 3478 573 3534 in
587 3479 720 3535 memoria
741 3487 770 3535 et
792 3488 885 3536 serrat
898 3479 925 3535 in
977 3483 1031 3529 tur.

129 3570 205 3638 rita3
232 3570 375 3642 quibabet
393 3572 421 3626 in
440 3572 624 3639 sermonibus,
653 3579 681 3628 et
695 3580 787 3629 servat
804 3572 832 3627 in
843 3572 927 3627 mori-
1013 3563 1075 3621 Non
1089 3567 1266 3621 ruroersrcor
1280 3575 1403 3630 earnm.
1416 3583 1499 3641 reque
1510 3568 1772 3640 [residet-audistis

130 3661 197 3730 διες
218 3660 267 3731 qui
289 3660 372 3716 babet
397 3661 543 3727 audiendo,
567 3669 699 3718 etservat
717 3659 855 3726 iaciendo,
868 3661 927 3732 ipse
975 3655 1094 3728 quillto
1108 3655 1166 3710 llll
1191 3656 1274 3723 will,
1296 3664 1348 3712 tlt·
1370 3657 1440 3715 Ηῑιιῡ
1462 3674 1528 3732 θιιθ
1547 3662 1651 3719 lutbltrl
1673 3673 1702 3720 tl
1719 3665 1783 3728 lora

130 3751 295 3847 estinquit,
320 3751 366 3823 qui
380 3750 470 3823 diligit
493 3766 552 3816 me;
577 3760 659 3822 eteqo
678 3749 789 3822 diligam
813 3767 885 3818 eom,
901 3760 927 3806 et
976 3745 1083 3802 midare
1113 3754 1223 3815 poterat
1251 3761 1300 3804 cor
1329 3747 1451 3818 illorum,
1482 3753 1555 3825 qued
1582 3752 1639 3809 ibet
1660 3756 1694 3812 ab
1720 3755 1784 3821 cis„
1897 3809 1900 3817 .

130 3847 306 3918 manifestabo
331 3838 507 3917 eimeipsemss
535 3843 653 3916 biligam
678 3851 707 3901 et
733 3842 925 3910 manifestabo,
976 3837 1101 3909 quamvis
1120 3846 1254 3894 venturus
1274 3839 1308 3895 ad
1329 3854 1389 3907 eoS,
1417 3856 1452 3897 ue
1469 3841 1584 3899 lorsitan
1610 3861 1719 3917 gregem
1733 3847 1773 3903 lu-

131 3937 159 3994 id
182 3945 240 4005 est,
262 3937 297 3992 ad
317 3937 370 3992 boc
389 3936 500 4008 diligam
521 3942 553 3991 ut
579 3934 767 3991 maniiestem.
791 3933 861 4001 Quid
884 3940 928 3990 cst
975 3927 1074 3999 posin
1101 3927 1154 3983 boc
1168 3927 1311 3984 intervallo
1331 3929 1471 3987 invaderet
1496 3933 1614 4001 pastoris
1638 3936 1772 3990 absentia,

132 4026 264 4099 diligam?
286 4032 416 4096 tanquam
430 4032 497 4081 tunc
510 4023 713 4091 dilecturussit,
739 4033 925 4079 etnuncnon
977 4017 1032 4074 Sed
1054 4032 1071 4073 a
1091 4019 1190 4088 quibus
1215 4019 1297 4075 borno
1309 4019 1482 4088 abscedebat,
1509 4023 1581 4079 [teus
1604 4040 1658 4079 non
1686 4027 1782 4081 reliu-·

131 4118 249 4192 litigat?
262 4117 344 4174 absit.
375 4116 452 4190 lianc
470 4117 543 4173 enim
564 4116 599 4172 ad
617 4116 670 4172 boc
692 4116 793 4189 diligit,
815 4123 847 4172 ut
867 4132 927 4173 cre-
975 4109 1087 4180 quebat,
1100 4108 1210 4164 elidem
1224 4109 1281 4178 ipse
1301 4109 1427 4167 cbristus
1449 4113 1531 4168 bomo
1556 4122 1585 4169 ει
1599 4113 1681 4171 licus.
1695 4116 1781 4190 Ergo.

132 4207 229 4264 demus
252 4215 282 4263 et
307 4206 467 4262 mandatum
497 4206 559 4264 fidei
575 4215 728 4274 teneamus,
751 4215 817 4263 tunc
829 4207 927 4263 adhoc
976 4210 1004 4259 et
1017 4203 1075 4258 ibat
1093 4216 1143 4270 per
1158 4201 1186 4256 id
1201 4201 1274 4271 quod
1292 4202 1375 4257 bomo
1390 4211 1459 4266 erat,
1484 4212 1511 4258 ot
1526 4205 1664 4272 manebat,
1680 4208 1771 4279 perid

132 4299 235 4372 (illiget,
248 4307 279 4354 ut
297 4299 451 4366 rideamus,
467 4308 495 4356 et
512 4300 600 4373 ipsam
608 4301 754 4359 ‘visionem
773 4298 938 4357 mercedem·
976 4291 1049 4362 quod
1064 4292 1136 4347 beas
1149 4299 1210 4347 erat
1225 4311 1232 4347 ε
1248 4293 1305 4348 ibat
1324 4309 1374 4366 per
1388 4295 1415 4349 rd
1429 4296 1502 4366 quod
1517 4297 1544 4352 in
1559 4314 1613 4354 unc
1627 4298 1687 4356 loco
1700 4310 1775 4368 erat,¹

132 4388 193 4446 Μ
216 4390 368 4462 capiamus,
976 4381 1106 4438 manebat
1121 4397 1171 4452 per
1184 4381 1213 4437 id
1226 4382 1299 4455 quod
1316 4383 1416 4454 ubique
1426 4393 1495 4441 erat.
1513 4385 1544 4442 Si
1560 4388 1704 4461 diligeretis
1718 4407 1784 4457 nte,

165 4477 310 4550 monili
329 4477 408 4536 term
428 4490 453 4536 et
476 4479 666 4538 detestasse
684 4481 743 4553 quir
767 4479 854 4553 ditiptr
873 4495 925 4547 me,
976 4472 1126 4544 panderetis
1145 4474 1235 4545 relique
1249 4474 1312 4547 quia
1330 4476 1397 4533 oddo
1419 4476 1454 4532 ed
1468 4477 1586 4547 Patrem,
1601 4483 1663 4554 quio
1690 4480 1773 4540 Pater

132 4571 279 4624 ermom
289 4570 808 4644 mesmrerrnbit,etl’otermeaediliqet
822 4578 926 4637 eumer
977 4563 1066 4636 major
1084 4581 1126 4619 me
1146 4573 1195 4620 est.
1215 4563 1269 4621 Per
1280 4564 1352 4637 quod
1364 4567 1514 4639 ergoiilius
1527 4586 1580 4626 non
1596 4579 1641 4630 est
1660 4573 1772 4644 equalis

133 4657 239 4713 siem
257 4661 401 4726 menter,
412 4668 466 4717 etc.
486 4661 532 4718 Sic
545 4660 763 4732 inseparabiliter
778 4668 927 4733 operantur
974 4653 1058 4717 eam,
1074 4668 1124 4726 per
1136 4654 1190 4710 boe
1203 4663 1263 4710 erat
1280 4656 1370 4713 iturus
1380 4657 1415 4713 ed
1433 4656 1554 4726 Putrem,
1576 4677 1626 4732 per
1638 4661 1703 4720 illud
1718 4678 1782 4717 au·-

130 4745 347 4816 leteieti'ilius,
363 4751 449 4808 sicet
465 4752 685 4824 inseparabiliter
704 4751 830 4825 diligunt.
856 4751 926 4806 Ecce
977 4751 1033 4800 tem
1054 4746 1155 4816 inquo
1180 4757 1224 4803 est
1244 4748 1358 4818 aequalis
1381 4749 1501 4821 gignenti
1513 4749 1682 4824 [inigenitus.
1703 4770 1773 4811 nun·

134 4836 198 4895 lacit
210 4841 239 4895 in
254 4840 369 4907 sanem,
392 4857 456 4898 eum
468 4843 548 4902 Patre
567 4852 596 4901 et
607 4840 688 4912 Filio,
711 4852 824 4901 sanctus
839 4843 924 4899 etiam
978 4855 1060 4911 quam
1071 4841 1174 4898 recedit
1193 4857 1208 4896 a
1229 4841 1319 4898 Patre.
1332 4842 1431 4900 Forma
1444 4845 1544 4916 quippe
1559 4847 1632 4902 servi
1643 4847 1775 4914 accessit,

129 4928 246 5000 Spiritus
266 4931 437 4988 mansionem
453 4933 526 4991 intus
552 4933 648 5003 utique
669 4941 799 5004 tanquam
815 4933 925 4990 neusin
977 4945 1031 4986 non
1046 4928 1133 4986 lorma
1156 4932 1202 4987 bei
1217 4933 1339 4999 recessit,
1357 4934 1415 4989 bare
1428 4941 1471 4989 est
1484 4945 1633 5005 assumpta,
1658 4950 1712 4992 non
1726 4937 1781 5009 illu.

135 5016 235 5088 tnpln
259 5031 318 5074 suo.
343 5018 417 5076 licus
437 5021 556 5090 minitas,
577 5022 657 5079 mer
671 5017 926 5095 eritiusotspiri-
976 5030 1146 5091 consumpta.
1157 5022 1272 5092 Propter
1284 5023 1354 5078 banc
1368 5021 1544 5090 dicit,l’oter
1553 5025 1640 5097 major
1663 5044 1703 5082 me
1721 5038 1771 5094 ert,

136 5113 177 5165 tas
197 5117 312 5166 unctus
333 5111 448 5168 veniunt
471 5112 505 5168 ad
518 5129 580 5181 nos,
602 5112 666 5168 dum
680 5114 804 5169 venimus
815 5114 850 5170 ad
866 5127 924 5170 cos.
976 5122 1087 5186 propter
1101 5113 1264 5180 illamvero,
1279 5111 1550 5185 eportPatermmm
1564 5134 1667 5174 euneos.
1681 5118 1771 5192 iguo·

136 5195 253 5256 leniunt
273 5200 470 5271 subveniendo,
493 5205 621 5261 venimus
630 5203 926 5261 obediendo:reniunt
977 5220 1086 5264 sermm
1110 5207 1245 5278 geminam
1259 5207 1440 5264 substantiam
1457 5207 1571 5277 Christi,
1586 5211 1705 5268 divinam
1720 5211 1774 5268 seiz
1804 5245 1806 5248 >

137 5286 322 5357 illuminando,
346 5293 470 5349 venimus
483 5294 625 5363 intuendo;
652 5294 924 5365 ueniuntimplendo,
977 5296 1042 5353 licet
1059 5312 1112 5368 qua
1126 5297 1239 5368 aequalis
1261 5306 1304 5354 est
1320 5299 1408 5366 Patri,
1421 5300 1578 5368 humanam,
1602 5319 1654 5375 qua
1683 5300 1770 5370 maior
1833 5346 1838 5355 ,

138 5380 414 5452 venimuscspiendo,
433 5393 465 5440 ut
479 5385 516 5440 sit
540 5385 620 5441 nobis
643 5398 737 5442 eorum
752 5399 807 5441 non
831 5391 925 5440 extre·
977 5382 1125 5444 estl’ater.
1154 5387 1307 5458 Utrumque
1333 5395 1424 5445 autern
1448 5391 1609 5447 stmultnon
1634 5391 1697 5456 duo,
1720 5387 1769 5444 sed

140 5471 177 5526 m·
202 5472 286 5537 risio,
316 5475 366 5531 sed
391 5476 511 5544 interna,
534 5485 562 5534 et
586 5478 613 5533 in
641 5479 721 5535 nobis
748 5492 843 5534 eorum
869 5492 925 5534 non
978 5492 1050 5534 unus
1080 5474 1224 5545 Christus,
1248 5493 1284 5535 ne
1312 5478 1349 5534 sit
1369 5482 1548 5549 quaternitas,
1574 5496 1629 5535 non
1655 5472 1765 5536 trinitas
1878 5491 1891 5513 ⁰

140 5561 293 5619 transitoria
315 5565 431 5630 mensio,
457 5566 505 5623 sed
521 5576 634 5623 aeterna.
654 5566 784 5640 Sequitur
797 5587 804 5623 :
817 5567 853 5623 Et
873 5584 927 5624 rer-
978 5569 1061 5624 Deus.
1084 5565 1161 5622 Sicut
1171 5567 1244 5622 enim
1263 5584 1334 5625 unus
1344 5577 1387 5625 est
1411 5570 1493 5625 bomo
1518 5569 1610 5623 anima
1626 5567 1771 5627 ratiormlit

141 5668 239 5708 ιιοιιειιι
266 5670 343 5724 Μ
360 5657 483 5725 aedidit,
503 5668 606 5715 nonest
617 5676 702 5728 meare,
721 5661 767 5716 ted
786 5671 811 5716 et
825 5661 923 5717 Petris.
979 5666 1006 5716 ει
1027 5672 1103 5725 caro,
1117 5658 1158 5714 sic
1178 5674 1248 5714 unus
1265 5669 1307 5714 est
1330 5657 1456 5716 Christus
1476 5659 1548 5714 licus
1569 5666 1597 5714 ει
1620 5659 1712 5730 bomo,
1735 5677 1768 5719 ao

142 5740 225 5802 lteets-
237 5746 321 5820 igitur
341 5751 447 5808 mouri
461 5752 565 5818 tribuit,
584 5751 715 5825 quidquid
725 5751 925 5826 lacitaequalis,
978 5767 1029 5825 per
1047 5753 1099 5811 boa
1122 5751 1252 5810 Christus
1281 5759 1328 5812 est
1345 5751 1435 5821 bens,
1460 5751 1558 5810 au‘uma
1580 5755 1736 5813 raison-tius
1758 5762 1794 5810 et
