3810 6120
137 292 191 349 stt
783 280 957 337 susinum
975 277 1126 333 numus
1713 278 1768 335 ω

140 427 152 462 r
171 407 251 465 sirnul
269 404 362 460 Simon
373 403 470 459 Petrus
484 411 511 456 et
525 401 653 465 Thomas,
671 396 721 468 qni·
733 396 832 451 dicitur
844 395 924 465 bicg-
939 397 962 455 Α
976 393 1067 448 littore
1084 392 1175 456 stetit,
1186 391 1234 462 qui
1247 401 1309 447 aute
1328 395 1554 449 resurrectionem
1567 409 1655 458 suain,
1673 409 1768 450 coram

139 515 152 551 r
172 511 244 561 mus,
253 491 504 561 etmcmnaetmni
516 498 575 546 erat
586 505 601 542 a
612 486 686 544 Cana
695 484 823 550 Galilaeae,
836 493 863 540 et
875 483 924 538 ilii
974 482 1114 554 discipulis
1126 483 1153 536 in
1164 481 1291 538 lluctibus
1305 484 1391 539 maris
1404 482 1562 539 ambularit.
1577 483 1662 553 Ccdus
1673 485 1714 540 rei
1723 500 1770 540 rn-

138 604 152 641 e
173 584 307 653 demost,
323 594 351 640 et
363 582 409 637 alii
422 596 455 636 ex
464 579 603 649 discipulis
615 576 743 647 ejusduo.
752 575 824 631 llicit
834 573 925 648 eisSi7
975 573 1013 629 tio
1022 571 1119 629 festine
1132 573 1315 644 cognoscitur,
1327 573 1349 629 si
1362 574 1419 643 ipsa
1435 590 1495 645 quoe
1506 583 1571 629 tunc
1584 575 1671 631 inerat
1684 590 1771 633 censs

138 695 150 734 c
173 672 442 736 monl’etrusziado
456 671 565 745 piscari.
579 665 677 727 [licuit
690 670 715 724 ei
733 687 740 722 ε
758 667 888 723 venimus
898 675 926 722 et
974 673 1111 734 pensetur.
1128 662 1198 732 Quid
1217 664 1289 720 enirn
1304 679 1398 728 mare,
1425 665 1477 719 uisi
1498 679 1620 735 presens
1639 666 1770 722 seculum

140 790 151 822 r
172 783 222 825 nos
234 775 334 824 tecum.
348 763 382 820 Et
394 765 519 818 exierunt
537 770 564 816 et
580 760 760 817 ascenderunt
777 759 804 813 in
823 758 924 821 navim,
975 753 1124 828 significet,
1140 754 1212 826 quod
1228 770 1257 811 se
1276 769 1419 813 causarum
1434 755 1549 809 tumultu
1564 765 1592 812 et
1604 755 1686 813 undis
1705 757 1770 813 vitm

141 882 149 910 ι
171 868 201 917 et
218 859 263 915 ille
278 863 358 913 noete
372 855 438 911 nihil
455 854 659 927 prendiderunt.
675 852 752 908 blane
772 861 863 907 nutem
883 848 925 904 lu·
975 845 1160 916 corruptibilis
1179 845 1308 901 illiditur?
1328 845 1398 913 Quid
1415 860 1464 915 per
1477 842 1643 902 soliditatem
1656 845 1769 915 littoris,

141 973 150 1006 r
171 962 216 1011 eto
229 952 304 1008 stetit
314 949 393 1006 lesus
407 949 434 1004 in
449 948 550 1015 littore,
562 963 615 1003 non
629 955 718 1000 tamen
728 950 928 1016 cognorerunt,
976 935 1028 993 nisi
1046 934 1089 990 'tila
1103 937 1270 1006 perpetuitas
1290 935 1388 1006 titielis
1407 947 1515 991 aeletssoe
1535 935 1680 1007 liguratur,
1703 940 1769 1008 (tuis

139 1061 150 1096 r
172 1045 235 1113 qrria
253 1040 332 1098 lesus
341 1047 394 1097 est.
412 1039 487 1094 bittit
501 1052 565 1109 crgo
580 1037 621 1092 eis
634 1035 714 1091 lesus
729 1053 736 1088 ε
749 1033 840 1099 Pueri,
856 1050 926 1089 nun·
977 1028 1059 1098 igitar
1070 1025 1192 1095 discipuli
1205 1026 1429 1084 coturnicibus
1442 1028 1636 1085 mortalisritte
1648 1029 1767 1092 inerant,

141 1153 150 1185 ,
170 1133 235 1204 ψῃ
261 1131 470 1203 pulmentarium
495 1127 622 1184 pagetis?
646 1126 852 1196 Responderunt
872 1126 898 1180 ei
918 1140 924 1177 :
977 1117 1004 1171 in
1017 1117 1085 1170 mari
1098 1115 1264 1180 laborabant,
1278 1118 1340 1186 quia
1352 1131 1416 1172 vero
1427 1116 1591 1187 Redemptor
1604 1120 1767 1192 nosterjam

139 1242 150 1275 r
166 1221 243 1279 Non.
258 1222 331 1277 llisit
343 1222 383 1277 eis
398 1235 405 1274 ε
421 1219 518 1275 blittite
536 1219 566 1274 io
580 1219 718 1274 dexter-om
738 1214 838 1287 navigii
858 1224 924 1277 rete,
977 1207 1177 1277 corruptionem
1188 1207 1278 1261 carnis
1292 1210 1456 1272 excesserat,
1466 1218 1527 1279 post
1538 1209 1768 1266 resurrectionem

139 1331 149 1364 r
171 1301 200 1369 et
214 1311 368 1368 invenietis.
390 1309 521 1365 blisernnt
542 1324 607 1378 ergo
621 1318 648 1363 ct
662 1308 720 1377 jam
737 1304 928 1361 nonralebnnt
977 1313 1054 1356 sunm
1070 1298 1096 1352 iu
1112 1297 1202 1352 littore
1225 1298 1325 1364 stabat,
1350 1313 1382 1354 sc
1405 1299 1429 1354 sl
1452 1300 1539 1368 ipsum
1560 1301 1768 1357 resurrectionis

138 1419 149 1454 r
171 1402 236 1458 illud
251 1403 360 1456 trahere
379 1415 435 1470 prae
452 1398 624 1455 mtdtitudine
637 1397 762 1469 piscium.
779 1395 852 1450 Dixit
862 1408 927 1464 ergo
978 1409 1033 1449 succ
1045 1393 1203 1463 mysterium
1226 1394 1314 1463 reipsa
1329 1391 1467 1461 discipulis
1477 1391 1642 1462 bqucrctur,
1654 1393 1768 1449 dicens:

139 1512 149 1544 c
171 1491 321 1562 discipulus
336 1490 381 1544 ille
394 1504 476 1559 quern
488 1488 617 1557 diligebat
627 1486 708 1542 lesus
720 1485 821 1541 Petro:
837 1483 927 1538 bomi-
978 1484 1038 1542 lam
1057 1485 1133 1540 tobis
1156 1485 1184 1539 in
1199 1485 1268 1539 mari
1282 1499 1336 1539 uon
1351 1499 1482 1555 appareo,
1501 1486 1565 1554 quia
1589 1485 1730 1540 tubisermr
1742 1486 1770 1540 in

139 1602 149 1635 c
172 1597 224 1638 nus
235 1590 286 1637 est.
302 1579 395 1635 Simon
407 1580 504 1634 Petrus
514 1593 575 1632 enm
589 1577 710 1632 audisset
721 1576 784 1646 quis
797 1573 928 1629 [lominus
978 1575 1188 1647 perturbationis
1207 1574 1332 1630 lindibns
1354 1592 1407 1631 non
1430 1591 1499 1631 snm.
1523 1575 1605 1632 Facta
1623 1586 1666 1632 est
1679 1584 1770 1632 autern

139 1690 149 1725 r
168 1681 223 1736 esi,
239 1671 330 1726 tunica
345 1669 478 1725 succinti!
488 1683 527 1723 St·
541 1666 690 1722 Ettlenim
702 1666 790 1721 nudus
813 1675 841 1720 et
855 1664 929 1719 mitit
978 1668 1116 1738 discipulis
1130 1666 1286 1736 piscationis
1303 1682 1401 1736 inagna
1412 1666 1576 1732 difficultas,
1594 1675 1624 1723 ut
1640 1668 1773 1739 magistre

140 1782 148 1813 ι
170 1778 199 1819 se
213 1763 244 1817 in.
254 1777 338 1816 marc.
359 1760 411 1814 dlii
428 1768 517 1814 autem
529 1756 652 1828 discipuli
665 1757 773 1828 riarigio
786 1764 929 1811 venerunt.
946 1749 969 1807 B
983 1759 1106 1812 ueniente
1121 1756 1199 1812 heret
1210 1758 1395 1812 admirationis
1409 1773 1513 1828 magnos
1523 1757 1685 1814 sublimitas.

139 1875 147 1906 ι
172 1851 229 1907 Non
247 1853 320 1907 enim
341 1851 419 1921 longe
433 1859 512 1904 erant
532 1866 546 1903 a
563 1858 645 1914 terro,
667 1848 714 1904 sed
728 1848 807 1918 qtrasi
827 1847 928 1901 cubitis
1016 1847 1090 1901 llicit
1115 1848 1152 1900 eis
1174 1865 1182 1901 .·
1207 1844 1301 1901 dlittite
1328 1849 1354 1901 in
1381 1848 1515 1901 dexteram
1542 1849 1638 1918 noripii
1666 1858 1720 1904 rete
1746 1860 1771 1903 rt

138 1966 147 1994 ι
170 1943 305 2007 ducentis,
322 1942 460 1997 trahentes
474 1942 669 2012 retepiscium.
691 1940 726 1995 dr
740 1940 929 2007 ergodcsceo·
980 1940 1123 1994 inspicietis.
1152 1938 1196 1993 iiis
1220 1939 1247 1993 in
1275 1948 1368 1993 snrrcto
1395 1938 1538 2010 Evangelio
1564 1940 1682 2011 legitur,
1708 1943 1773 2011 quia

138 2052 149 2085 r
165 2031 270 2088 -doruut
284 2032 310 2085 in
323 2039 441 2094 terrom,
455 2029 583 2084 uiderunt
597 2044 696 2098 prunas
713 2029 824 2099 positas,
841 2037 868 2083 et
885 2027 927 2098 pi·
980 2030 1110 2086 mminus
1125 2030 1222 2100 jussit,
1239 2040 1268 2085 ut
1283 2031 1316 2084 ad
1329 2030 1489 2100 piscandum
1504 2032 1572 2086 retia
1588 2032 1770 2088 mitterentur.

138 2140 153 2175 e
169 2136 248 2178 tecm
267 2121 465 2191 superpositum
486 2127 514 2175 ct
533 2135 640 2190 parient.
668 2118 736 2173 bicit
760 2119 801 2173 eis
823 2116 925 2173 lesus:
978 2119 1048 2177 dote
1069 2122 1223 2191 passionem
1245 2120 1387 2187 videlicet,
1404 2129 1431 2176 et
1448 2130 1509 2191 post
1528 2123 1694 2191 passionem.
1717 2120 1773 2179 Sed

139 2234 148 2267 r
168 2211 510 2284 Aliertedepiscibusquos
520 2211 694 2281 prendidistis
705 2226 786 2265 ntrnc.
799 2209 928 2265 Ascendit
978 2211 1136 2282 priusquam
1151 2210 1315 2282 Redemptor
1328 2220 1422 2266 noster
1443 2220 1584 2282 pateretur
1597 2221 1627 2267 et
1643 2227 1772 2286 resurge-

139 2325 152 2359 ε
170 2320 235 2376 ergo
249 2304 341 2360 Simon
361 2304 468 2369 Petrus,
488 2313 515 2359 ct
530 2305 613 2359 traxit
626 2312 685 2359 rete
702 2304 729 2358 iu
745 2312 855 2367 terram,
873 2303 928 2373 pie-
979 2312 1029 2369 rct,
1041 2303 1112 2359 mitti
1123 2304 1232 2374 quidem
1247 2313 1304 2358 rete
1315 2304 1348 2358 sd
1360 2304 1667 2374 piscandumiubet.scd
1678 2316 1772 2363 utrem

139 2416 148 2448 ‹
171 2412 235 2452 num
249 2397 355 2466 magnis
368 2397 486 2466 piscibus
498 2406 606 2452 centnm
619 2396 814 2466 qninquaginta
828 2396 923 2450 tribus.
978 2398 1005 2451 in
1029 2396 1155 2452 dextram
1177 2412 1211 2450 an
1236 2398 1263 2450 in
1286 2398 1426 2452 sinistram
1451 2384 1522 2452 mitti
1550 2396 1688 2454 debuisset
1716 2414 1772 2455 non

139 2505 149 2538 r
172 2485 277 2541 etcum
290 2485 469 2550 tnntiessent,
483 2500 535 2541 non
546 2495 588 2540 cst
597 2485 712 2541 scissum
724 2493 790 2539 rete.
804 2484 874 2539 Dicit
885 2485 926 2540 eis
973 2484 1059 2554 jubet.
1072 2486 1135 2543 Post
1152 2489 1378 2544 resurrectionem
1395 2503 1460 2544 vero
1471 2490 1610 2560 discipulis
1626 2505 1772 2561 apparens.

139 2579 249 2636 edesus
262 2600 269 2635 :
281 2577 534 2649 tenirepraudctc.
547 2577 580 2632 Et
593 2576 797 2632 nemouudebat
808 2575 925 2631 discum·
976 2578 1047 2632 mitti
1062 2588 1119 2633 rete
1140 2579 1167 2633 in
1189 2579 1312 2633 dextrum
1329 2578 1414 2649 jubet.
1431 2578 1459 2634 ln
1479 2579 1524 2634 illa
1536 2581 1685 2650 piscatione
1704 2583 1774 2638 tanti

139 2671 292 2727 «beatium
316 2672 486 2742 interrogare.
508 2684 570 2726 cnm
587 2687 593 2722 :
612 2667 722 2738 Tenuis
739 2668 785 2723 es?
807 2669 924 2724 scientes
975 2672 1047 2741 capti
1072 2681 1144 2737 sunt,
1173 2682 1201 2726 ut
1223 2673 1289 2726 retia
1313 2682 1520 2742 rumperentur,
1548 2673 1576 2728 in
1601 2673 1652 2729 ista
1679 2683 1775 2729 autem

138 2783 149 2816 r
171 2764 234 2834 quia
247 2764 437 2819 bominusest.
449 2761 483 2818 m
496 2761 687 2817 ronitlosuset
700 2760 922 2831 accepitpancm,
975 2770 1002 2816 et
1023 2762 1100 2816 multi
1115 2763 1186 2832 eapti
1208 2771 1285 2828 snnt,
1309 2771 1337 2817 et
1358 2763 1425 2818 retia
1443 2774 1522 2832 rupto
1542 2779 1596 2820 non
1614 2772 1686 2819 sunt.
1705 2763 1773 2832 Quis

138 2874 153 2908 c
171 2865 202 2911 et
213 2855 285 2911 dedit
296 2855 369 2910 eiset
379 2855 481 2925 piscem
496 2852 631 2908 similiter.
643 2850 698 2905 lloc
706 2849 763 2919 jam
776 2851 855 2905 tertio
868 2867 925 2905 ma·
978 2869 1043 2909 sero
1053 2854 1157 2910 neseiat
1177 2856 1262 2910 bonos
1274 2858 1368 2910 dextre
1382 2866 1409 2910 et
1418 2856 1504 2912 malos
1518 2855 1628 2911 sinistra
1641 2855 1773 2928 ligur-uri?

131 2965 155 3002 ,a
171 2945 314 3003 nilestntus
333 2954 375 3001 est
397 2945 477 3000 iesus
501 2944 641 3014 discipnlis
659 2944 725 3007 suis,
750 2958 812 2997 cunr
834 2945 923 2997 resur·
978 2942 1024 2997 lllu
1037 2960 1103 3014 ergo
1116 2944 1231 3014 piscatio
1245 2947 1271 2999 in
1288 2960 1342 3015 quta
1356 2946 1511 3018 specialiter
1524 2946 1551 3001 in
1565 2961 1647 3017 quam
1662 2955 1771 3016 partem

140 3059 148 3091 r
171 3039 288 3095 rexisset
300 3052 315 3091 a
327 3036 450 3092 mortuis.
474 3056 484 3087 r
953 3096 961 3116 Ἴ
978 3035 1049 3089 mitti
1066 3043 1121 3089 retc
1134 3034 1230 3091 debent
1248 3053 1301 3092 non
1312 3037 1433 3106 jubetur,
1447 3047 1607 3109 presentem
1619 3037 1773 3094 Ecclesiam

172 3128 349 3200 ilanilertanit
370 3145 399 3183 re
412 3127 491 3183 lem
506 3131 540 3182 cd
558 3146 631 3184 rrrere
654 3128 825 3200 tyberiadis,
841 3129 926 3181 rnnrri—
941 3101 962 3156 (Α
979 3123 1139 3195 designarit,
1159 3140 1219 3194 uoce
1231 3127 1317 3183 bonos
1336 3127 1415 3183 simul
1436 3145 1468 3184 oc
1480 3129 1567 3184 malos
1578 3128 1696 3200 colligit,
1718 3145 1774 3186 uec

137 3221 239 3290 deterit
250 3228 336 3275 cutem
347 3222 394 3274 rie.
414 3217 499 3275 Erant
512 3221 592 3275 rimrd
610 3219 700 3275 Simon
712 3219 839 3276 Petraret
857 3215 925 3277 Tlro·

137 3310 533 3381 nrot,prtidicitur1iidpmrtr,
550 3323 574 3366 et
596 3310 758 3377 lindessei,
775 3311 821 3382 qni
837 3322 892 3366 emt
910 3331 925 3364 n

137 3401 211 3458 &cna
229 3399 358 3467 Goliloerr,
379 3413 402 3457 ct
423 3401 474 3471 filii
487 3399 620 3464 Zetedce,
638 3412 662 3455 rt
677 3401 723 3455 olii
741 3418 773 3456 ee
791 3403 925 3474 discipulis

137 3493 193 3562 eius
208 3492 271 3547 dno.
290 3489 359 3549 Dicit
373 3494 409 3548 tir
422 3490 514 3547 Simon
531 3487 649 3544 Petrnr:
672 3488 744 3546 i'ndo
760 3494 866 3562 piscari.
879 3492 926 3546 tn·-

136 3585 249 3639 centei:
268 3581 392 3639 l'enimar
402 3593 426 3638 et
439 3599 486 3637 nor
502 3594 597 3637 tecum.
615 3580 648 3636 Et
661 3585 780 3638 exierunt
794 3595 817 3637 et
832 3601 924 3638 orrent-

136 3676 230 3730 tlertrnt
246 3676 273 3728 r'rr
294 3677 395 3739 morire,
410 3683 432 3728 et
449 3675 495 3728 illc
513 3687 585 3728 necte
605 3675 670 3727 nilril
684 3686 815 3746 ceperunt.
837 3676 925 3743 Quaeri

136 3764 209 3818 enim
220 3770 309 3833 potest
319 3777 367 3816 cur
383 3762 491 3825 Petrus,
505 3764 551 3831 qni
567 3764 685 3831 piscator
698 3772 760 3817 ante
773 3765 926 3820 conversio

67 3889 71 3898 ·
138 3867 199 3908 nem
211 3851 276 3918 luit,
292 3863 352 3922 post
367 3854 569 3908 couversionem
588 3853 622 3908 ad
638 3854 817 3924 piscationem
830 3857 927 3911 rediit?

136 3953 237 4003 etcum
248 3941 352 4000 Veritas
366 3946 439 4001 dicat
454 3964 460 3999 :
479 3946 561 4000 lilerrto
574 3949 677 4001 mittens
690 3965 796 4003 rnrrnum
808 3966 882 4004 strom
897 3953 925 4004 in

136 4046 265 4100 aratrum,
281 4046 304 4091 et
318 4039 447 4107 aspiciens
458 4047 536 4101 retro,
553 4047 629 4108 cptnr
642 4048 679 4093 est
692 4056 769 4110 regno
783 4040 833 4095 Dei
848 4041 924 4113 (Luc.

138 4126 186 4197 rt),
202 4142 251 4181 cur
262 4129 369 4197 repetiit
377 4128 447 4199 quud
459 4128 616 4199 dereliquit?
628 4128 680 4185 Sed
692 4131 714 4186 si
725 4132 812 4187 uirtus
824 4133 925 4187 discre-

137 4218 219 4274 tionis
232 4218 378 4274 intenditur
394 4221 474 4275 citius
487 4222 603 4285 vitietur,
620 4223 681 4292 qcria
697 4224 826 4279 nimirum
841 4240 924 4298 tregu-

136 4311 205 4364 tium
219 4311 289 4378 quod
305 4321 368 4366 erne
380 4312 585 4366 correersiouem
606 4313 664 4368 siue
679 4325 790 4383 peccato
810 4318 924 4382 exstitit,

977 3215 1053 3288 eligit
1065 3219 1252 3287 qrrostrabat,
1267 3220 1331 3289 quia
1345 3229 1373 3275 et
1387 3235 1454 3289 quos
1473 3220 1573 3293 eligere
1585 3221 1673 3291 possit
1692 3222 1773 3294 iguo-

978 3317 1028 3364 rat.
1041 3305 1104 3364 llaee
1114 3319 1204 3364 autem
1219 3309 1332 3379 piscatio
1343 3321 1404 3381 post
1418 3312 1523 3367 bornini
1542 3314 1773 3369 resurrectionem

978 3400 1049 3456 lecte
1062 3402 1089 3454 in
1100 3399 1185 3455 solnm
1199 3399 1338 3457 dexteram
1353 3404 1436 3459 missa
1447 3413 1499 3469 cst,
1511 3404 1614 3473 qoiaad
1626 3402 1774 3463 ridendam

977 3492 1111 3547 claritatis
1125 3490 1184 3559 eius
1199 3492 1312 3561 gloriam
1328 3493 1384 3550 sola
1404 3494 1552 3550 electorum
1571 3494 1693 3551 Ecclesia
1708 3511 1774 3570 per·

978 3584 1072 3652 tinget,
1087 3598 1147 3653 qum
1162 3584 1194 3638 de
1209 3583 1321 3639 sinistro
1333 3599 1415 3654 opere
1434 3584 1470 3639 nil
1486 3584 1605 3640 babebit.
1621 3583 1652 3640 tu
1666 3584 1712 3640 iila
1725 3586 1772 3656 pi·

977 3676 1096 3730 nuatione
1121 3691 1178 3745 prce
1197 3674 1369 3731 multitudine
1390 3678 1505 3746 piscium
1533 3684 1592 3733 rete
1616 3680 1770 3747 rumpitur,

977 3763 1040 3834 qnia
1059 3778 1131 3819 nnnc
1145 3762 1180 3818 ad
1196 3760 1396 3818 confessionem
1416 3761 1477 3819 ddei
1498 3765 1580 3820 etiem
1595 3779 1657 3822 cum
1671 3766 1767 3823 electis

977 3853 1084 3923 reprobi
1099 3854 1165 3908 tanti
1185 3843 1305 3918 intrant,
1329 3854 1373 3922 qui
1389 3854 1475 3924 ipsam
1494 3871 1601 3925 quoque
1617 3855 1771 3933 Ecclesiam

977 3945 1125 3999 heresibus
1138 3943 1272 3999 scindent.
1290 3943 1318 3997 ln
1334 3946 1385 4000 ista
1398 3960 1461 4000 tero
1472 3946 1631 4016 piscatione,
1645 3956 1674 4003 et
1688 3949 1770 4009 multi

976 4037 1064 4106 pisces
1085 4045 1112 4090 et
1138 4037 1228 4105 uragui
1243 4037 1396 4107 capiuntur,
1418 4044 1446 4090 et
1466 4046 1522 4092 rete
1545 4038 1768 4110 conrumpitur,

977 4125 1039 4195 quia
1052 4136 1146 4181 sancta
1159 4125 1306 4181 electorum
1318 4125 1450 4192 Ecclesia,
1463 4127 1489 4181 in
1505 4130 1633 4184 continua
1647 4130 1771 4185 auctoris

976 4219 1017 4274 sui
1033 4234 1099 4288 prce
1114 4218 1302 4289 requiescens,
1322 4216 1402 4272 nullis
1418 4216 1475 4287 ism
1495 4219 1707 4277 dissensionibus
1726 4221 1768 4276 di-

977 4310 1102 4363 laniatur.

136 4403 652 4475 booetinmpostcourcrsioncmcnipa
667 4417 848 4475 repeterenon
863 4410 964 4490 iuis„
1012 4399 1140 4457 Mitetttttl
1163 4418 1223 4471 erdo
1247 4403 1327 4466 retia,
1358 4414 1381 4457 tl
1401 4407 1458 4474 jam
1483 4422 1534 4459 nott
1559 4406 1678 4462 rtlcdcot
1700 4408 1769 4463 ittne

137 4505 199 4548 nom
211 4490 373 4559 piscatorem
385 4489 506 4555 Petrum,
520 4489 672 4546 llattbaenm
687 4509 752 4548 sero
765 4494 924 4549 telonarium

136 4579 246 4633 seimus.
262 4577 295 4631 Et
307 4588 367 4647 post
382 4580 586 4634 conversionein
600 4595 676 4634 snam
698 4582 731 4636 ad
746 4585 924 4652 piscationem

136 4669 233 4726 l’etrus
254 4672 349 4736 rediit,
368 4668 512 4724 Mattheus
532 4685 595 4724 tero
616 4672 650 4725 nd
666 4673 763 4728 telonei
785 4677 923 4745 ncgcnirnn

137 4777 190 4818 nou
205 4759 292 4817 rediit.
310 4759 379 4828 Quia
393 4768 421 4815 et
435 4758 506 4815 aliud
520 4769 562 4815 est
575 4761 675 4815 rictum
688 4777 737 4832 per
747 4763 925 4833 piscationem

136 4867 267 4924 gumrcrr,
287 4851 360 4907 thud
374 4851 471 4907 telonei
486 4850 569 4906 luctis
582 4853 710 4921 pecunias
731 4869 840 4926 augere.
857 4854 925 4911 Sunt

137 4944 210 5000 eninr
222 4939 352 5014 plernqttc
371 4944 495 5014 negotio,
513 4959 573 5012 qttae
587 4943 647 4999 sine
660 4952 773 5013 peccato
787 4946 924 5011 exhiberi,

137 5045 184 5093 ont
195 5036 250 5097 tir,
267 5044 315 5088 eut
327 5033 479 5088 nullatenus
492 5044 614 5105 possunt.
632 5035 698 5103 Quis
709 5051 773 5108 crgo
787 5036 820 5091 ad
831 5053 926 5107 pecca·

137 5136 194 5181 turn
209 5124 362 5196 implicent,
377 5125 411 5180 ad
424 5125 481 5182 hnc
496 5140 608 5182 necesse
620 5136 673 5192 est,
691 5136 721 5181 ut
733 5138 794 5198 post
813 5143 925 5185 conver-

135 5217 240 5273 sionem
251 5216 358 5271 animus
367 5229 421 5273 nott
434 5227 568 5273 recurrat.

171 5301 251 5361 lione
262 5313 350 5360 cutem
361 5306 421 5376 jem
437 5304 517 5375 scoto.
538 5309 607 5360 stetit
623 5306 701 5361 desua
715 5310 740 5361 in
755 5307 851 5374 littore,
870 5327 922 5364 non

135 5406 221 5452 tcrrtert
234 5406 406 5469 cognocerent
416 5396 549 5468 discipuli,
559 5400 620 5468 geio
634 5397 710 5453 Jcsttt
724 5408 770 5452 cst.
785 5396 921 5469 Dicitcrpo

135 5491 172 5541 eis
182 5487 280 5543 leram:
293 5484 385 5555 l‘rtrri,
399 5489 516 5558 nnnpnid
528 5487 730 5557 pelnrerrtnrirnn
740 5489 798 5543 liuh
807 5489 860 5542 tir?
871 5487 921 5543 lie·

135 5580 295 5647 spondernat
312 5581 354 5643 el,
375 5595 436 5633 oon.
451 5579 541 5645 Quaeri
555 5588 654 5648 potest,
674 5593 725 5632 cnr
742 5578 879 5648 discipulis
893 5581 919 5633 in

135 5671 204 5725 ttrsri
222 5671 422 5741 hibernalibus„
431 5680 497 5742 post
508 5672 737 5728 resurrectionem
747 5671 876 5728 bertinus
892 5673 920 5726 in

979 4491 1080 4546 trultere
1102 4509 1117 4544 n
1135 4491 1301 4546 multitudine
1316 4495 1438 4563 piscium.
1460 4494 1530 4549 Dt'tit
1545 4513 1606 4568 ergo
1623 4497 1768 4567 discipulas

978 4579 1022 4634 ille
1040 4598 1115 4651 quem
1136 4579 1259 4653 diligebat
1282 4582 1360 4639 Jesrrs
1381 4584 1480 4639 Petro:
1503 4586 1632 4642 Dominus
1651 4598 1699 4640 ert.
1723 4586 1768 4642 Si-

978 4691 1037 4727 mon
1052 4672 1146 4729 Petrns
1164 4693 1223 4729 cum
1239 4678 1365 4742 credisset,
1386 4679 1448 4748 quin
1464 4676 1592 4733 bonrtnm
1606 4689 1654 4743 ert,
1675 4683 1767 4737 terrico

976 4763 1104 4818 rucrincit
1124 4782 1162 4829 re,
1181 4767 1322 4820 eratenim
1340 4769 1437 4833 under,
1459 4779 1481 4822 et
1504 4769 1619 4823 misitne
1639 4771 1667 4824 in
1681 4788 1768 4836 mom

977 4854 1024 4908 clii
1037 4867 1123 4909 mrtem
1137 4857 1258 4928 discipali
1270 4859 1375 4928 scripio
1390 4869 1524 4923 cerret-ant,
1546 4877 1596 4913 non
1609 4860 1678 4915 enim
1690 4862 1767 4934 lrrrpe

976 4957 1050 4999 crant
1072 4963 1087 4998 o
1110 4956 1192 5011 terro,
1215 4948 1260 5000 sed
1280 4949 1356 5018 quusi
1380 4946 1474 5001 ciebitis
1495 4949 1613 5002 drtcentt's
1633 4951 1768 5008 tradentes

977 5047 1028 5089 retr
1039 5036 1161 5106 piscium.
1187 5033 1219 5089 th
1232 5054 1292 5106 erpo
1304 5036 1491 5091 desccrrdcrttnt
1514 5039 1540 5090 in
1560 5049 1673 5105 terrmn,
1696 5042 1766 5096 dcte

976 5134 1035 5178 rnrrt
1045 5141 1142 5194 prcrtos
1154 5126 1253 5194 positor
1266 5136 1289 5179 et
1303 5128 1398 5196 piscettt
1417 5127 1606 5197 superpositum
1622 5139 1645 5182 et
1657 5147 1764 5200 portem.

976 5211 1026 5267 Ubi
1038 5228 1092 5267 non
1104 5224 1145 5268 est
1160 5212 1360 5286 intelligendum
1373 5217 1455 5270 etiarn
1468 5229 1565 5285 patrem
1577 5218 1658 5273 luisse
1671 5235 1765 5290 snper·

974 5304 1092 5372 {ursitum
1107 5305 1211 5374 prunis,
1226 5303 1271 5360 sed
1286 5314 1391 5360 tantum
1405 5306 1616 5361 subaudiendum
1630 5307 1765 5368 siderant,

975 5394 1037 5450 iden
1046 5395 1169 5450 viderunt
1183 5413 1283 5466 prunas
1294 5399 1406 5468 positas,
1416 5407 1442 5451 et
1452 5397 1553 5467 piscem
1564 5400 1767 5470 superpositum

975 5486 1110 5553 ciderunt,
1119 5498 1146 5541 ct
1156 5502 1252 5558 portem
1264 5488 1396 5543 ciderunt.
1410 5487 1458 5542 i'el
1470 5489 1506 5541 ita
1517 5489 1620 5556 potins:
1634 5489 1764 5544 linierunt

974 5595 1074 5649 prrutras
1088 5583 1202 5650 positas,
1217 5590 1243 5636 ct
1256 5581 1357 5652 piscem
1372 5579 1583 5654 superpositum,
1598 5580 1725 5638 uiderunt
1737 5591 1767 5641 ol

974 5688 1083 5746 prtttctti.
