3810 6120
133 268 202 327 tuat
696 260 857 324 muudus
874 262 944 321 etto
963 260 1032 321 aba
1050 256 1211 320 mltbcsst.
1694 264 1763 323 {obt

130 391 240 445 beatur.
252 381 424 453 lunamque
440 378 591 438 sonoritas
605 379 673 451 legis
694 379 796 436 birine
812 396 820 436 ι
839 376 916 445 Vide,
930 377 956 438 Α
968 381 1113 446 peccantes
1133 372 1290 431 sacerdotes
1310 387 1327 429 a
1351 373 1454 446 templo
1474 371 1576 449 eiecit:
1589 376 1662 434 uude
1677 370 1765 450 liquet

130 495 161 534 ne
176 476 274 547 offeror
285 471 439 529 incoenata
449 482 495 526 tuo
506 472 535 526 in
547 470 618 526 omni
632 469 699 534 loco,
713 484 789 541 quem
807 466 924 535 cidariu
975 467 1048 538 quod
1057 467 1157 522 summi
1175 466 1340 532 sacerdotes,
1353 467 1445 534 idest,
1460 465 1581 538 episcopi
1600 467 1686 525 alico
1701 453 1767 525 surii

128 565 394 637 codiciacensem
417 561 635 634 elegitllominus
659 560 731 617 Dens
750 569 811 614 tuna
832 557 923 631 (veut.
971 556 1122 628 judicandi,
1133 572 1188 614 unu
1197 556 1366 614 abbumanis
1379 565 1426 613 aut
1435 572 1527 628 prauae
1537 559 1600 614 ritae
1611 559 1769 615 bominibus

128 675 177 725 ιιι,
192 654 247 728 ib).
260 654 411 726 Episcopus
431 652 489 709 ileo
508 651 676 713 sacrificans,
694 657 788 715 testes,
812 655 926 717 utpra-
974 647 1136 716 lacerandi,
1168 649 1215 704 sed
1240 648 1330 718 potins
1349 648 1384 702 ab
1406 649 1533 705 omnibus
1555 649 1680 706 fidelibus
1703 665 1768 722 por·

128 749 212 803 nrum
224 751 267 801 est
280 757 373 799 secum
388 741 496 805 babeat,
512 749 540 796 et
550 740 642 811 plnres
656 753 739 810 quam
749 737 818 792 alius
832 749 925 792 sacer·
974 739 1060 795 tannli.

130 838 180 892 dm
205 849 213 890 ε
241 833 314 890 sieut
337 831 487 902 majoribus
507 830 619 885 bonoria
636 829 766 901 gradibus
785 827 923 900 lungbur,
1335 827 1404 885 lllll.

128 924 171 979 sic
184 921 299 991 majoris
321 920 469 976 testimonii
491 918 734 974 incrementatione
757 917 870 989 indiget.
892 915 924 972 lu
1115 920 1156 976 De
1172 920 1341 992 querimonia
1356 930 1449 977 eontra
1463 921 1623 978 secerdotes.

128 1011 340 1071 solemnioribus
351 1009 451 1081 quippe
461 1007 567 1074 diebus,
582 1016 629 1062 ant
639 1016 755 1078 septem,
771 1014 820 1062 aut
844 1005 925 1077 quio·
1219 1009 1269 1083 (llr
1282 1010 1377 1065 cadem
1389 1008 1526 1082 epistola.)

129 1119 193 1176 que,
212 1110 258 1156 aut
273 1108 331 1156 tres
347 1099 485 1163 diaconos,
508 1097 555 1168 qui
575 1095 633 1166 ejus
655 1097 873 1163 mendicentur,
895 1103 925 1154 et
1010 1099 1114 1172 siquis
1131 1101 1262 1157 adsersus
1281 1100 1436 1157 sacerdotes
1449 1100 1492 1156 vel
1511 1102 1642 1159 eeclesias
1669 1118 1765 1161 eorum

129 1193 321 1256 subdiaconos,
336 1196 417 1258 atque
427 1187 546 1258 reliquos
556 1187 695 1243 ministros
709 1202 803 1243 secum
814 1187 922 1255 babeat,
974 1200 1128 1248 commotus
1147 1191 1230 1248 luerit
1243 1201 1291 1247 ant
1301 1206 1398 1248 causas
1417 1192 1551 1259 babuerit,
1576 1195 1652 1264 prius
1664 1194 1698 1250 ad
1720 1209 1769 1252 eos

130 1283 177 1355 qui
194 1280 280 1338 sacris
293 1279 380 1335 induti
391 1278 560 1335 vestimentis
574 1277 602 1333 iu
616 1276 705 1334 irunte
714 1286 769 1333 eta
787 1285 876 1349 tergo,
896 1286 925 1334 et
974 1292 1100 1339 recurrat
1130 1283 1272 1339 charitatis
1303 1283 1409 1349 studio,
1434 1292 1463 1337 ut
1482 1281 1609 1340 familiari
1633 1285 1769 1356 colloquio

130 1371 310 1445 presbyterio
323 1369 433 1441 regione
442 1368 554 1423 dextera
568 1367 690 1439 levaque
699 1371 818 1424 contrito
828 1369 922 1434 eorde,
973 1375 1132 1431 commoniti
1145 1387 1177 1428 ea
1190 1382 1286 1430 sanent
1301 1389 1361 1445 que
1375 1375 1494 1429 sananda
1505 1383 1579 1441 sunt,
1594 1383 1621 1431 et
1634 1376 1770 1433 charitato

131 1472 160 1521 et
175 1461 317 1520 humiliato
327 1474 455 1532 acpronu
465 1466 538 1515 stem
557 1458 643 1524 uultu,
658 1457 843 1515 custodientes
860 1473 922 1514 eura
973 1465 1185 1534 emendentquae
1193 1463 1443 1536 instecmendanda
1455 1466 1625 1536 agnoverint.
1636 1464 1666 1522 Si
1677 1472 1769 1520 autem

132 1567 147 1607 a
159 1549 297 1607 malevolis
311 1548 476 1615 bominibus,
488 1555 516 1603 et
533 1563 695 1604 consensum
709 1546 768 1617 eius
781 1548 923 1622 praebcant
974 1555 1057 1625 aliqui
1071 1570 1119 1611 eos
1131 1555 1290 1626 priusquam
1306 1553 1365 1610 baec
1383 1554 1498 1625 egerint,
1522 1554 1654 1620 lacerare,
1682 1570 1765 1610 accu-

132 1642 279 1700 sacrificio.
921 1662 925 1669 ·
974 1659 1046 1710 sare,
1061 1654 1109 1699 aut
1132 1643 1264 1699 iulestare
1277 1643 1511 1714 presumpserint,
1532 1644 1771 1699 eteorumuoicen·

512 1731 536 1788 Χ
938 1722 1032 1803 Βῑιιι,
1061 1744 1089 1792 ει
1104 1736 1215 1791 minime
1234 1733 1410 1790 absoluantur
1433 1742 1579 1806 numquam
1594 1750 1644 1806 per
1657 1732 1768 1790 satissa-

330 1820 391 1878 Non
405 1820 535 1878 tollendos
550 1837 591 1878 res
602 1809 732 1879 ecelesias
977 1827 1095 1883 ctionem
1120 1824 1280 1897 condignam
1294 1824 1400 1896 egerint
1414 1823 1614 1895 paenitentiam,
1640 1823 1771 1896 quoniam

258 1914 309 1989 (Es
319 1917 413 1972 eadem
427 1915 540 1988 epistola
562 1916 686 1973 Anacleti
698 1918 798 1990 papae.)
977 1913 1076 1984 injuria
1089 1929 1183 1970 eorum
1198 1914 1232 1970 ad
1246 1912 1384 1970 Cbristum
1397 1913 1528 1984 pertinet,
1546 1911 1624 1985 cuius
1634 1912 1772 1987 legatione

168 2004 240 2078 Ergo
251 2007 297 2077 qui
307 2004 408 2063 Christi
419 2009 550 2078 pecunias
562 2016 590 2063 et
599 2007 720 2064 ecclesiae
730 2007 812 2080 rapit,
823 2007 924 2077 aulert,
977 2005 1137 2080 iunguntur.

134 2093 177 2152 tel
190 2093 306 2162 irandat,
317 2096 451 2153 homicida
462 2106 515 2164 cst,
531 2105 613 2169 atque
623 2097 761 2154 homicida
776 2106 840 2155 aute
861 2115 923 2155 con·
1331 2098 1400 2156 xlv.

134 2188 361 2259 spectumjndicis
373 2204 433 2246 esse
446 2190 627 2261 deputabitur.
644 2188 695 2258 bui
704 2191 774 2262 rapit
784 2191 926 2261 pecuniam
1133 2191 1174 2246 lle
1188 2190 1307 2262 bipertito
1326 2189 1418 2246 oraim
1435 2189 1609 2245 secerdotum.

134 2278 249 2347 proximi
264 2280 316 2344 sui,
337 2279 508 2351 iniquitatem
536 2289 687 2351 operatur:
711 2281 758 2351 qui
774 2289 864 2337 autem
879 2296 928 2353 pe-
978 2285 1029 2358 (Er
1043 2283 1156 2355 epistola
1173 2282 1361 2338 dnaclctiscri
1383 2289 1410 2337 ta
1433 2281 1560 2337 omnibus
1584 2279 1719 2352 eiseupis
1741 2286 1773 2337 ει

135 2370 244 2426 cuniam
269 2370 314 2428 rel
339 2385 385 2427 res
413 2370 534 2428 eeclesiae
563 2370 727 2439 abstulerit,
754 2372 927 2446 sucrbegium
1140 2352 1252 2422 feliq¹¹⁵⁸
1273 2296 1617 2422 Ch'ssfflmoefdfflifflssf

135 2463 212 2522 iacit.
1014 2465 1192 2522 Sacerdotem
1218 2462 1311 2519 fratris
1325 2463 1392 2519 ordo
1414 2462 1561 2535 bipertitus
1582 2469 1635 2529 est,
1651 2469 1678 2517 ct
1700 2461 1773 2518 sicut

506 2559 552 2616 itt.
977 2560 1109 2617 Dominus
1122 2559 1199 2615 illum
1211 2558 1395 2625 constantina
1413 2556 1487 2612 nubo
1504 2557 1586 2612 debet
1607 2553 1770 2626 perturbari.
1885 2564 1890 2572 '

316 2650 358 2709 De
367 2651 534 2709 ordinatione
548 2653 740 2725 episcoporum.
979 2649 1062 2706 Scitis
1073 2659 1165 2705 autem
1178 2664 1194 2704 a
1208 2650 1325 2704 Domino
1334 2648 1470 2719 apostolos
1484 2662 1545 2703 esse
1557 2647 1659 2704 eleetos
1668 2654 1696 2702 et
1708 2662 1774 2703 eon.

137 2737 191 2813 (Ex
210 2739 324 2814 epistola
337 2739 459 2798 duaclcti
474 2757 549 2867 parur
563 2742 664 2814 scripta
679 2741 805 2800 omuibus
825 2743 929 2815 episoo·
978 2739 1099 2806 stitutus,
1111 2747 1139 2795 et
1151 2746 1244 2810 postea
1258 2753 1307 2809 per
1329 2738 1452 2793 diones
1474 2739 1629 2808 prouincias
1651 2737 1685 2794 ad
1705 2751 1776 2809 prte-

454 2813 496 2884 l’is
517 2812 612 2885 Q)
979 2830 1125 2886 dicandum
1134 2827 1357 2900 dispersoscum
1365 2843 1430 2885 uero
1441 2828 1539 2885 messis
1549 2828 1771 2900 coepitcresccre,

172 2923 361 2983 Ordinationes
383 2924 571 2995 episcoporum
595 2924 757 2980 anctoritate
777 2921 927 2994 apostolia
978 2920 1074 2977 uidens
1086 2935 1188 2990 paucos
1201 2935 1261 2977 esse
1271 2921 1421 2992 operarios,
1433 2919 1467 2976 ad
1478 2935 1573 2977 eorum
1586 2919 1773 2990 adiumentum

137 3015 174 3073 ab
198 3017 382 3087 omnibusqni
404 3017 432 3071 in
456 3017 550 3072 eadem
576 3015 678 3071 luerint
699 3015 840 3087 prouincia
865 3020 928 3072 sunl
979 3009 1152 3081 septuaginta
1172 3009 1235 3082 eligi
1249 3009 1377 3081 praecepit
1395 3009 1553 3080 discipulos.
1567 3010 1694 3083 Episcopi
1707 3025 1776 3068 vero

138 3107 337 3165 celebrandae:
363 3109 409 3178 qni
434 3108 514 3162 simul
542 3108 734 3164 conuenientes
766 3107 927 3163 scrutinium
981 3100 1175 3172 apostotorum,
1191 3100 1344 3172 presbyteri
1363 3116 1471 3173 quoque
1492 3104 1664 3175 septuaginta
1691 3103 1775 3160 discl-

139 3199 283 3269 diligeuter
301 3206 392 3270 agant,
411 3197 599 3270 ieiuniumque
616 3214 677 3255 cum
692 3200 819 3255 omnibus
839 3200 928 3271 preci-
979 3192 1204 3264 polorumlocttm
1222 3201 1324 3247 tenent·
1341 3192 1465 3263 Episcopi
1480 3201 1571 3249 autem
1591 3210 1648 3250 uon
1673 3193 1702 3251 ia
1725 3209 1775 3251 ca·

139 3289 190 3344 bus
202 3289 347 3356 eelebrent,
359 3297 387 3345 et
395 3304 491 3346 manus
505 3306 567 3346 cum
582 3289 684 3347 sanetis
698 3289 853 3361 Evangeliis
867 3304 928 3361 quae
979 3281 1076 3347 stellis,
1092 3289 1139 3337 aut
1153 3280 1268 3339 modicis
1284 3282 1442 3339 civitatibus
1456 3283 1555 3339 debent
1568 3284 1706 3353 constitui,
1724 3287 1775 3343 sed

139 3380 309 3451 praedicaturi
336 3388 399 3435 sunt
425 3380 595 3451 imponentes
622 3379 763 3435 Dominica
791 3379 834 3434 die
860 3377 928 3433 bora
978 3372 1132 3443 presbyteri
1144 3386 1195 3440 per
1205 3371 1330 3437 castella,
1343 3378 1372 3426 et
1390 3371 1515 3428 modicas
1540 3373 1677 3440 ειιίιιιεε,
1694 3384 1777 3447 aitqua

139 3473 218 3529 tertia
228 3481 349 3540 orantes,
360 3487 491 3543 sacraque
501 3473 632 3527 unctione
646 3468 771 3540 exemplo
781 3469 929 3538 propbeta·
980 3459 1058 3515 t'illus
1073 3461 1173 3515 debent
1187 3458 1222 3513 ab
1237 3460 1374 3531 episcopis
1393 3459 1516 3515 ordinari
1534 3470 1562 3516 et
1574 3461 1658 3532 poni:
1676 3464 1779 3535 singuli·

139 3578 200 3617 rum
212 3572 240 3616 et
263 3562 465 3633 regnmcapita
485 3573 580 3615 eorum
603 3555 877 3628 rnoreapostolomm
901 3564 929 3613 er
980 3558 1072 3603 tamen
1084 3562 1134 3618 per
1147 3547 1269 3620 singulos
1290 3548 1383 3604 titulos
1401 3562 1474 3604 suos
1495 3547 1618 3620 Amplius
1631 3566 1713 3623 quam
1729 3553 1776 3612 isti

140 3651 225 3721 Moysi
239 3659 378 3722 ungentes,
392 3649 455 3719 quia
471 3647 560 3704 omnis
574 3647 754 3705 sauctidcatio
773 3654 880 3703 constat
902 3645 930 3702 in
981 3644 1034 3701 uno
1047 3643 1157 3699 ordines
1166 3643 1349 3709 sacerdotnm,
1363 3656 1414 3698 uec
1434 3642 1514 3700 uobis
1528 3642 1620 3702 colati
1635 3652 1710 3713 sunt,
1722 3659 1774 3704 nte

140 3743 243 3813 Spiritu
262 3750 366 3808 sancto,
389 3741 468 3812 eujus
488 3740 575 3797 virtus
599 3739 743 3797 inuisibilis
764 3747 861 3796 sancto
886 3745 930 3796 cst
981 3735 1095 3807 apostoli
1113 3735 1263 3791 docuerunt

142 3835 481 3906 chrismate'promulgata,
495 3843 523 3890 et
545 3835 598 3890 boc
621 3835 675 3889 ritu
687 3834 834 3891 solemnem
860 3833 931 3890 cele-
1348 3843 1408 3901 xv,

142 3925 223 3983 brcut
234 3925 442 3982 ordinationem.
453 3924 531 3992 Quod
542 3925 566 3981 si
578 3939 674 3982 omnes
683 3924 764 3981 simul
785 3924 931 3982 convenire
1126 3933 1164 3989 ne
1181 3933 1222 3989 ss.
1246 3934 1292 4005 (με
1313 3933 1626 4005 praemmmmpnp,

142 4017 254 4073 minime
276 4017 425 4087 potuerint,
442 4031 584 4072 assensum
613 4023 704 4071 tamen
726 4015 783 4072 suis
805 4014 930 4087 precibus
1041 4044 1049 4059 ·
1228 4025 1279 4097 (Ex
1293 4025 1533 4098 esdemepistcla)

141 4110 332 4179 premaneat
346 4108 451 4178 abipsa
469 4107 640 4164 ordinatione
654 4107 746 4163 animo
759 4122 813 4162 non
830 4107 930 4162 desint.
1018 4141 1135 4198 Nem
1147 4140 1220 4196 enim
1234 4146 1277 4197 est
1289 4147 1320 4195 ut
1331 4147 1452 4198 mmm
1466 4155 1482 4194 a
1499 4139 1614 4198 subditis

142 4198 228 4257 Porro
248 4207 277 4256 et
292 4199 563 4272 llierosolymitarum
587 4199 693 4269 primus
709 4196 932 4270 archiepiscopus

142 4289 373 4358 beatuslacobus,
392 4292 438 4362 qui
464 4290 557 4347 iustus
577 4290 932 4356 dicebatur,etsecundum

142 4397 252 4438 carnem
266 4383 372 4439 Domini
386 4391 555 4452 nuncupatus
568 4391 610 4437 est
628 4381 722 4448 irater,
737 4397 753 4436 a
772 4379 863 4448 Petro,
883 4378 930 4436 Ja-

142 4475 220 4540 cubn,
237 4482 265 4530 et
284 4473 387 4529 loanne
406 4472 536 4541 apostolis
549 4479 592 4528 est
607 4471 749 4527 ordinatus
766 4490 773 4525 :
792 4486 932 4527 snccessu-

142 4562 931 4631 ribusuidelicetdantcsiormameomm,utmiuusquara

142 4671 157 4710 a
182 4655 268 4710 tribus
291 4655 434 4725 episcopis,
458 4653 623 4724 reliquisque
643 4652 768 4708 omuibus
790 4665 931 4706 assensum

141 4745 333 4815 prebentibus,
344 4744 497 4801 nullatenus
509 4742 663 4810 ordinetur,
676 4754 703 4799 et
717 4743 853 4799 communi
867 4750 931 4800 vota

141 4834 451 4891 ordinatieoelcbretur.

509 4927 567 4983 xli.

337 5017 734 5075 Deaccnsodonesoccrdotum.
871 5076 879 5091 ,
1380 5077 1388 5090 ,

380 5106 433 5181 (ει
449 5109 545 5165 aaron
567 5107 690 5178 epistota.
1167 5170 1173 5181 g
1241 5168 1247 5180 ,
1342 5077 1411 5137 m

177 5194 323 5253 Accusatio
335 5211 442 5268 quoqne
455 5213 548 5254 eorum
563 5213 645 5270 snper
660 5214 714 5269 qua
729 5213 779 5254 nos
792 5198 934 5255 eorrsulere
1087 5170 1128 5225 ⁰⁶
1145 5169 1186 5224 ¹¹¹⁸
1203 5185 1247 5239 ‘¹¹¹‘
1266 5167 1402 5224 mmm
1423 5170 1513 5274 &²9⁰⁸
1537 5170 1662 5244 imm·

142 5290 275 5357 volnistis,
291 5291 398 5347 nonnisi
419 5292 453 5347 ab
467 5292 571 5348 idoneis
585 5300 614 5347 et
635 5291 834 5364 probatissimis
854 5292 932 5360 viris,
1215 5258 1264 5332 (5¹
1281 5259 1376 5316 eadem
1393 5261 1529 5335 ‘mhi

142 5382 427 5452 ‹protessusptcionibus
439 5381 750 5447 etsoetertbuscareant,
762 5380 932 5438 tendebat:
1019 5373 1130 5428 uultum
1142 5371 1319 5428 carolinam
1336 5373 1433 5429 damna
1452 5389 1558 5430 moron
1578 5371 1774 5431 adauctam·

143 5471 206 5540 qnia
216 5471 346 5529 nonninus
361 5472 431 5528 saort
441 5471 786 5542 sutmrportsnacutores
796 5486 812 5526 a
823 5469 932 5536 vitibus
984 5479 1044 5518 rum
1058 5461 1256 5533 temporarium,
1272 5477 1333 5518 cum
1349 5463 1400 5518 ista
1417 5471 1494 5518 extra
1506 5476 1556 5517 nos
1568 5460 1634 5526 nnc,
1647 5460 1693 5517 itta
1706 5476 1775 5519 vero

143 5572 172 5618 ει
188 5564 321 5636 reprobis,
334 5579 367 5619 ac
377 5579 431 5619 non
445 5563 549 5619 idoneis
558 5561 683 5632 personis
696 5560 822 5616 iniamari
836 5560 933 5629 noluit,
984 5555 1011 5612 iu
1025 5556 1112 5611 nobis.
1131 5553 1270 5613 Sententia
1288 5570 1395 5626 quoque
1409 5552 1494 5609 Cbam
1509 5552 1555 5608 lilii
1569 5550 1625 5609 Noe
1638 5552 1774 5611 damnau-

1628 4141 1785 4200 timeantur·

983 4235 1017 4290 ab
1029 4234 1148 4305 ipsisque
1158 4232 1339 4306 corrigantur,
1356 4241 1386 4288 ut
1406 4233 1525 4289 bumana
1546 4233 1691 4290 formidine
1711 4248 1773 4306 pec·

983 4341 1046 4383 care
1058 4325 1239 4397 metuantqni
1252 4326 1342 4382 divina
1352 4324 1454 4396 judicia
1475 4341 1529 4383 nou
1551 4324 1708 4383 formidant.
1724 4327 1775 4383 lle·
1797 4386 1800 4390 ,

944 4423 973 4484 l)
985 4420 1098 4476 teriores
1112 4418 1211 4490 qnippe
1223 4427 1287 4474 sunt
1298 4419 1345 4488 qui
1363 4420 1505 4475 doctorum
1523 4419 1608 4476 uitam
1630 4434 1774 4491 moresque

983 4520 1160 4584 cormmpunt
1179 4513 1222 4569 bis
1244 4513 1290 4584 qui
1310 4514 1475 4570 substantias
1493 4515 1607 4572 aliorum
1620 4517 1776 4589 praediaque

983 4606 1122 4677 diripiunt.
1136 4607 1190 4679 Ipsi
1206 4615 1298 4663 autem
1318 4621 1350 4662 ca
1363 4622 1425 4677 quae
1438 4615 1516 4663 extra
1531 4621 1590 4673 nos,
1602 4607 1666 4664 licet
1681 4617 1775 4667 nostra

983 4698 1047 4763 siut,
1063 4697 1210 4753 auserunt:
1225 4701 1311 4754 nostri
1324 4712 1433 4769 quoque
1444 4696 1612 4754 detractores
1625 4705 1653 4754 et
1667 4713 1774 4756 morum

982 4887 1100 4946 urantur,
1114 4878 1224 4950 pmprie
1236 4893 1286 4934 nos
1305 4877 1357 4948 ipsi
1376 4877 1524 4947 decipiunt,
1536 4885 1565 4934 ει
1577 4876 1719 4948 ideoinsto
1732 4878 1775 4935 iu·

983 4969 1067 5027 inmes
1079 4976 1151 5036 sunt,
1162 4979 1190 5024 et
1202 4969 1300 5024 merito
1314 4969 1349 5024 ab
1360 4969 1480 5026 Ecclesia
1494 4976 1620 5027 extorres
1639 4969 1718 5028 dunt.

982 4797 1156 4859 corruptores
1176 4795 1348 4853 nostrorum,
1362 4788 1419 4845 sire
1434 4789 1480 4858 qni
1494 4789 1639 4845 aduersum
1661 4804 1711 4847 nos
1729 4804 1777 4846 ar·
1882 4794 1891 4817 ⁸

144 5668 194 5710 nce
218 5652 378 5709 calumniari
401 5653 542 5725 permisit,
557 5651 605 5709 scd
624 5651 682 5724 ipse
702 5651 813 5722 proprio
830 5650 935 5724 ilagcllo
985 5649 1212 5720 torquisuoruna
1226 5648 1367 5706 doctorum
1387 5645 1430 5699 rel
1452 5643 1657 5715 propositorum
1679 5643 1774 5716 culpas
1892 5715 1898 5725 ‚

269 5744 404 5807 Ptrsot..
427 5744 492 5807 Cll.
1553 5735 1593 5798 ³⁸
