<?xml version="1.0" encoding="UTF-8"?>
<!DOCTYPE html PUBLIC "-//W3C//DTD XHTML 1.0 Transitional//EN"
    "http://www.w3.org/TR/xhtml1/DTD/xhtml1-transitional.dtd">
<html xmlns="http://www.w3.org/1999/xhtml" xml:lang="en" lang="en">
 <head>
  <title>
</title>
<meta http-equiv="Content-Type" content="text/html;charset=utf-8" />
  <meta name='ocr-system' content='tesseract 3.04.00' />
  <meta name='ocr-capabilities' content='ocr_page ocr_carea ocr_par ocr_line ocrx_word'/>
</head>
<body>
  <div class='ocr_page' id='page_1' title='image "./patrologiaecurs80unkngoog_0185.png"; bbox 0 0 3810 6120; ppageno 0'>
   <div class='ocr_carea' id='block_1_1' title="bbox 126 238 1760 329">
    <p class='ocr_par' dir='ltr' id='par_1_1' title="bbox 126 238 1760 329">
     <span class='ocr_line' id='line_1_1' title="bbox 126 238 1760 329; baseline -0.012 -11"><span class='ocrx_word' id='word_1_1' title='bbox 126 269 180 329; x_wconf 67' lang='lat'><strong>359</strong></span> <span class='ocrx_word' id='word_1_2' title='bbox 771 250 947 308; x_wconf 75' lang='lat' dir='ltr'><strong>sitantum</strong></span> <span class='ocrx_word' id='word_1_3' title='bbox 964 245 1112 303; x_wconf 70' lang='lat' dir='ltr'>ABBATIS</span> <span class='ocrx_word' id='word_1_4' title='bbox 1704 238 1760 299; x_wconf 66' lang='grc'><strong>860</strong></span> 
     </span>
    </p>
   </div>
   <div class='ocr_carea' id='block_1_2' title="bbox 129 348 1769 993">
    <p class='ocr_par' dir='ltr' id='par_1_2' title="bbox 129 348 1765 718">
     <span class='ocr_line' id='line_1_2' title="bbox 129 348 1762 453; baseline -0.022 -15"><span class='ocrx_word' id='word_1_5' title='bbox 129 398 172 441; x_wconf 89' lang='lat' dir='ltr'><strong>res</strong></span> <span class='ocrx_word' id='word_1_6' title='bbox 182 394 233 453; x_wconf 92' lang='lat' dir='ltr'><strong>per</strong></span> <span class='ocrx_word' id='word_1_7' title='bbox 243 390 373 436; x_wconf 88' lang='lat' dir='ltr'><strong>canoram</strong></span> <span class='ocrx_word' id='word_1_8' title='bbox 385 374 516 431; x_wconf 85' lang='lat' dir='ltr'><strong>musicam</strong></span> <span class='ocrx_word' id='word_1_9' title='bbox 531 378 630 431; x_wconf 81' lang='lat' dir='ltr'><strong>tentat,</strong></span> <span class='ocrx_word' id='word_1_10' title='bbox 646 376 676 423; x_wconf 89' lang='lat' dir='ltr'><strong>nt</strong></span> <span class='ocrx_word' id='word_1_11' title='bbox 696 368 722 421; x_wconf 84' lang='lat' dir='ltr'><strong>ri</strong></span> <span class='ocrx_word' id='word_1_12' title='bbox 738 367 797 422; x_wconf 89' lang='lat' dir='ltr'><strong>soni</strong></span> <span class='ocrx_word' id='word_1_13' title='bbox 813 363 956 421; x_wconf 73' lang='lat' dir='ltr'><strong>dulcio-A</strong></span> <span class='ocrx_word' id='word_1_14' title='bbox 1004 359 1057 426; x_wconf 73' lang='lat' dir='ltr'><strong>Oai</strong></span> <span class='ocrx_word' id='word_1_15' title='bbox 1080 357 1178 412; x_wconf 79' lang='lat' dir='ltr'><strong>emerit</strong></span> <span class='ocrx_word' id='word_1_16' title='bbox 1200 370 1264 420; x_wconf 85' lang='lat' dir='ltr'><strong>noa,</strong></span> <span class='ocrx_word' id='word_1_17' title='bbox 1284 363 1338 411; x_wconf 88' lang='lat' dir='ltr'><strong>eto.</strong></span> <span class='ocrx_word' id='word_1_18' title='bbox 1361 352 1453 409; x_wconf 81' lang='lat' dir='ltr'><strong>Gloria</strong></span> <span class='ocrx_word' id='word_1_19' title='bbox 1473 349 1547 406; x_wconf 91' lang='lat' dir='ltr'><strong>enim</strong></span> <span class='ocrx_word' id='word_1_20' title='bbox 1567 348 1648 405; x_wconf 85' lang='lat' dir='ltr'><strong>istius</strong></span> <span class='ocrx_word' id='word_1_21' title='bbox 1669 352 1762 411; x_wconf 69' lang='lat' dir='ltr'><strong>sacnti</strong></span> 
     </span>
     <span class='ocr_line' id='line_1_3' title="bbox 129 440 1655 529; baseline -0.023 0"><span class='ocrx_word' id='word_1_22' title='bbox 129 474 167 529; x_wconf 85' lang='lat' dir='ltr'><strong>ris</strong></span> <span class='ocrx_word' id='word_1_23' title='bbox 181 470 302 526; x_wconf 88' lang='lat' dir='ltr'><strong>anditum</strong></span> <span class='ocrx_word' id='word_1_24' title='bbox 316 465 418 529; x_wconf 86' lang='lat' dir='ltr'><strong>solvat,</strong></span> <span class='ocrx_word' id='word_1_25' title='bbox 431 472 458 518; x_wconf 90' lang='lat' dir='ltr'><strong>et</strong></span> <span class='ocrx_word' id='word_1_26' title='bbox 474 461 577 518; x_wconf 90' lang='lat' dir='ltr'><strong>molliat</strong></span> <span class='ocrx_word' id='word_1_27' title='bbox 588 458 771 517; x_wconf 82' lang='lat' dir='ltr'><strong>Christianum</strong></span> <span class='ocrx_word' id='word_1_28' title='bbox 786 455 917 524; x_wconf 84' lang='lat' dir='ltr'><strong>vigorem,</strong></span> <span class='ocrx_word' id='word_1_29' title='bbox 969 447 1125 519; x_wconf 86' lang='lat' dir='ltr'><strong>tetrrporalis</strong></span> <span class='ocrx_word' id='word_1_30' title='bbox 1138 455 1190 509; x_wconf 86' lang='lat' dir='ltr'><strong>est,</strong></span> <span class='ocrx_word' id='word_1_31' title='bbox 1203 454 1230 501; x_wconf 93' lang='lat' dir='ltr'><strong>et</strong></span> <span class='ocrx_word' id='word_1_32' title='bbox 1242 445 1327 516; x_wconf 84' lang='lat' dir='ltr'><strong>gloria</strong></span> <span class='ocrx_word' id='word_1_33' title='bbox 1340 442 1422 497; x_wconf 87' lang='lat' dir='ltr'><strong>iuturi</strong></span> <span class='ocrx_word' id='word_1_34' title='bbox 1436 440 1528 497; x_wconf 72' lang='lat' dir='ltr'><strong>saeculi</strong></span> <span class='ocrx_word' id='word_1_35' title='bbox 1542 449 1655 496; x_wconf 75' lang='lat' dir='ltr'><strong>aeterna.</strong></span> 
     </span>
     <span class='ocr_line' id='line_1_4' title="bbox 129 532 1765 633; baseline -0.016 -16"><span class='ocrx_word' id='word_1_36' title='bbox 129 562 249 633; x_wconf 88' lang='lat' dir='ltr'><strong>linguam</strong></span> <span class='ocrx_word' id='word_1_37' title='bbox 264 555 386 613; x_wconf 76' lang='lat' dir='ltr'><strong>convicio</strong></span> <span class='ocrx_word' id='word_1_38' title='bbox 398 560 536 624; x_wconf 81' lang='lat' dir='ltr'><strong>provocat,</strong></span> <span class='ocrx_word' id='word_1_39' title='bbox 551 563 662 606; x_wconf 90' lang='lat' dir='ltr'><strong>manum</strong></span> <span class='ocrx_word' id='word_1_40' title='bbox 671 546 777 617; x_wconf 83' lang='lat' dir='ltr'><strong>injuriis</strong></span> <span class='ocrx_word' id='word_1_41' title='bbox 787 544 921 601; x_wconf 70' lang='lat' dir='ltr'><strong>massen-</strong></span> <span class='ocrx_word' id='word_1_42' title='bbox 1005 539 1039 594; x_wconf 87' lang='lat' dir='ltr'><strong>la</strong></span> <span class='ocrx_word' id='word_1_43' title='bbox 1055 539 1159 594; x_wconf 82' lang='lat' dir='ltr'><strong>Citrirto</strong></span> <span class='ocrx_word' id='word_1_44' title='bbox 1170 536 1236 593; x_wconf 80' lang='lat' dir='ltr'><strong>Jaaa</strong></span> <span class='ocrx_word' id='word_1_45' title='bbox 1250 537 1363 590; x_wconf 84' lang='lat' dir='ltr'><strong>Domino</strong></span> <span class='ocrx_word' id='word_1_46' title='bbox 1376 543 1476 589; x_wconf 77' lang='lat' dir='ltr'><strong>nostro.</strong></span> <span class='ocrx_word' id='word_1_47' title='bbox 1491 532 1518 587; x_wconf 86' lang='lat' dir='ltr'><strong>td</strong></span> <span class='ocrx_word' id='word_1_48' title='bbox 1532 542 1590 599; x_wconf 91' lang='lat' dir='ltr'><strong>est,</strong></span> <span class='ocrx_word' id='word_1_49' title='bbox 1604 547 1656 605; x_wconf 82' lang='lat' dir='ltr'><strong>per</strong></span> <span class='ocrx_word' id='word_1_50' title='bbox 1672 534 1765 591; x_wconf 84' lang='lat' dir='ltr'><strong>inctr-</strong></span> 
     </span>
     <span class='ocr_line' id='line_1_5' title="bbox 131 622 1532 718; baseline -0.023 -10"><span class='ocrx_word' id='word_1_51' title='bbox 131 654 203 709; x_wconf 89' lang='lat' dir='ltr'><strong>tibns</strong></span> <span class='ocrx_word' id='word_1_52' title='bbox 222 649 256 705; x_wconf 89' lang='lat' dir='ltr'><strong>ad</strong></span> <span class='ocrx_word' id='word_1_53' title='bbox 270 646 446 718; x_wconf 73' lang='lat' dir='ltr'><strong>petulantiam</strong></span> <span class='ocrx_word' id='word_1_54' title='bbox 461 643 542 699; x_wconf 81' lang='lat' dir='ltr'><strong>cadis</strong></span> <span class='ocrx_word' id='word_1_55' title='bbox 556 642 681 713; x_wconf 91' lang='lat' dir='ltr'><strong>instigat,</strong></span> <span class='ocrx_word' id='word_1_56' title='bbox 695 648 725 694; x_wconf 92' lang='lat' dir='ltr'><strong>ut</strong></span> <span class='ocrx_word' id='word_1_57' title='bbox 740 637 921 693; x_wconf 73' lang='lat' dir='ltr'><strong>fraudatorem</strong></span> <span class='ocrx_word' id='word_1_58' title='bbox 971 628 1108 683; x_wconf 88' lang='lat' dir='ltr'><strong>nationem</strong></span> <span class='ocrx_word' id='word_1_59' title='bbox 1121 625 1185 682; x_wconf 88' lang='lat' dir='ltr'><strong>iesu</strong></span> <span class='ocrx_word' id='word_1_60' title='bbox 1199 625 1301 680; x_wconf 75' lang='lat' dir='ltr'><strong>Christi</strong></span> <span class='ocrx_word' id='word_1_61' title='bbox 1314 622 1421 678; x_wconf 84' lang='lat' dir='ltr'>Domini</span> <span class='ocrx_word' id='word_1_62' title='bbox 1436 623 1532 678; x_wconf 89' lang='lat' dir='ltr'><strong>nostri.</strong></span> 
     </span>
    </p>

    <p class='ocr_par' dir='ltr' id='par_1_3' title="bbox 131 717 1769 993">
     <span class='ocr_line' id='line_1_6' title="bbox 131 717 1766 809; baseline -0.013 -10"><span class='ocrx_word' id='word_1_63' title='bbox 131 743 222 807; x_wconf 88' lang='lat' dir='ltr'><strong>iaciat,</strong></span> <span class='ocrx_word' id='word_1_64' title='bbox 245 740 321 795; x_wconf 89' lang='lat' dir='ltr'><strong>lucra</strong></span> <span class='ocrx_word' id='word_1_65' title='bbox 334 737 453 809; x_wconf 82' lang='lat' dir='ltr'><strong>opponit</strong></span> <span class='ocrx_word' id='word_1_66' title='bbox 475 733 592 803; x_wconf 81' lang='lat' dir='ltr'><strong>iniusta,</strong></span> <span class='ocrx_word' id='word_1_67' title='bbox 617 741 648 788; x_wconf 88' lang='lat' dir='ltr'><strong>ut</strong></span> <span class='ocrx_word' id='word_1_68' title='bbox 668 731 787 787; x_wconf 86' lang='lat' dir='ltr'><strong>animam</strong></span> <span class='ocrx_word' id='word_1_69' title='bbox 808 725 922 797; x_wconf 81' lang='lat' dir='ltr'><strong>pecunia</strong></span> <span class='ocrx_word' id='word_1_70' title='bbox 1007 720 1140 776; x_wconf 82' lang='lat' dir='ltr'><strong>iiodicum</strong></span> <span class='ocrx_word' id='word_1_71' title='bbox 1151 735 1255 791; x_wconf 76' lang='lat' dir='ltr'><strong>passos.</strong></span> <span class='ocrx_word' id='word_1_72' title='bbox 1267 717 1297 773; x_wconf 92' lang='lat' dir='ltr'><strong>ld</strong></span> <span class='ocrx_word' id='word_1_73' title='bbox 1308 725 1366 781; x_wconf 87' lang='lat' dir='ltr'><strong>cst,</strong></span> <span class='ocrx_word' id='word_1_74' title='bbox 1382 724 1444 788; x_wconf 89' lang='lat' dir='ltr'><strong>post</strong></span> <span class='ocrx_word' id='word_1_75' title='bbox 1457 718 1593 774; x_wconf 77' lang='lat' dir='ltr'>modicam</span> <span class='ocrx_word' id='word_1_76' title='bbox 1609 718 1766 791; x_wconf 70' lang='lat' dir='ltr'>passionem</span> 
     </span>
     <span class='ocr_line' id='line_1_7' title="bbox 132 807 1769 903; baseline -0.016 -17"><span class='ocrx_word' id='word_1_77' title='bbox 132 832 235 903; x_wconf 87' lang='lat' dir='ltr'><strong>capiat,</strong></span> <span class='ocrx_word' id='word_1_78' title='bbox 248 827 347 899; x_wconf 76' lang='lat' dir='ltr'><strong>ingerit</strong></span> <span class='ocrx_word' id='word_1_79' title='bbox 360 824 511 896; x_wconf 87' lang='lat' dir='ltr'><strong>perniciosa</strong></span> <span class='ocrx_word' id='word_1_80' title='bbox 524 821 693 892; x_wconf 83' lang='lat' dir='ltr'><strong>compendia.</strong></span> <span class='ocrx_word' id='word_1_81' title='bbox 705 819 828 875; x_wconf 87' lang='lat' dir='ltr'><strong>llouores</strong></span> <span class='ocrx_word' id='word_1_82' title='bbox 837 823 924 871; x_wconf 87' lang='lat' dir='ltr'><strong>terre·</strong></span> <span class='ocrx_word' id='word_1_83' title='bbox 973 811 1000 867; x_wconf 91' lang='lat' dir='ltr'><strong>in</strong></span> <span class='ocrx_word' id='word_1_84' title='bbox 1019 822 1148 867; x_wconf 76' lang='lat' dir='ltr'><strong>aeternam</strong></span> <span class='ocrx_word' id='word_1_85' title='bbox 1169 824 1300 865; x_wconf 83' lang='lat' dir='ltr'>mmmm</span> <span class='ocrx_word' id='word_1_86' title='bbox 1325 810 1456 877; x_wconf 85' lang='lat' dir='ltr'><strong>requiem.</strong></span> <span class='ocrx_word' id='word_1_87' title='bbox 1483 807 1519 864; x_wconf 89' lang='lat' dir='ltr'><strong>lit</strong></span> <span class='ocrx_word' id='word_1_88' title='bbox 1538 808 1604 863; x_wconf 89' lang='lat' dir='ltr'><strong>illud</strong></span> <span class='ocrx_word' id='word_1_89' title='bbox 1627 810 1769 880; x_wconf 76' lang='lat' dir='ltr'><strong>propheti·</strong></span> 
     </span>
     <span class='ocr_line' id='line_1_8' title="bbox 132 900 1768 993; baseline -0.013 -13"><span class='ocrx_word' id='word_1_90' title='bbox 132 939 182 979; x_wconf 90' lang='lat' dir='ltr'><strong>nos</strong></span> <span class='ocrx_word' id='word_1_91' title='bbox 204 919 356 993; x_wconf 86' lang='lat' dir='ltr'><strong>promittit,</strong></span> <span class='ocrx_word' id='word_1_92' title='bbox 376 926 406 973; x_wconf 92' lang='lat' dir='ltr'><strong>ut</strong></span> <span class='ocrx_word' id='word_1_93' title='bbox 424 917 508 972; x_wconf 75' lang='lat' dir='ltr'><strong>caelos</strong></span> <span class='ocrx_word' id='word_1_94' title='bbox 528 915 646 978; x_wconf 87' lang='lat' dir='ltr'><strong>adimat,</strong></span> <span class='ocrx_word' id='word_1_95' title='bbox 666 910 784 969; x_wconf 78' lang='lat' dir='ltr'><strong>ostendit</strong></span> <span class='ocrx_word' id='word_1_96' title='bbox 795 906 881 971; x_wconf 84' lang='lat' dir='ltr'><strong>laisa,</strong></span> <span class='ocrx_word' id='word_1_97' title='bbox 893 912 925 960; x_wconf 91' lang='lat' dir='ltr'><strong>ut</strong></span> <span class='ocrx_word' id='word_1_98' title='bbox 972 919 1057 959; x_wconf 88' lang='lat' dir='ltr'><strong>cum:</strong></span> <span class='ocrx_word' id='word_1_99' title='bbox 1078 902 1168 958; x_wconf 81' lang='lat' dir='ltr'><strong>Videte</strong></span> <span class='ocrx_word' id='word_1_100' title='bbox 1182 902 1244 973; x_wconf 85' lang='lat' dir='ltr'><strong>qaia</strong></span> <span class='ocrx_word' id='word_1_101' title='bbox 1257 900 1358 956; x_wconf 82' lang='lat' dir='ltr'><strong>medica</strong></span> <span class='ocrx_word' id='word_1_102' title='bbox 1369 900 1502 965; x_wconf 81' lang='lat' dir='ltr'><strong>laborari,</strong></span> <span class='ocrx_word' id='word_1_103' title='bbox 1519 909 1544 955; x_wconf 84' lang='lat' dir='ltr'><strong>et</strong></span> <span class='ocrx_word' id='word_1_104' title='bbox 1558 900 1645 957; x_wconf 79' lang='lat' dir='ltr'><strong>interii</strong></span> <span class='ocrx_word' id='word_1_105' title='bbox 1656 900 1768 959; x_wconf 72' lang='lat' dir='ltr'><strong>naam</strong></span> 
     </span>
    </p>
   </div>
   <div class='ocr_carea' id='block_1_3' title="bbox 29 995 1177 1080">
    <p class='ocr_par' dir='ltr' id='par_1_4' title="bbox 29 995 1177 1080">
     <span class='ocr_line' id='line_1_9' title="bbox 29 995 1177 1080; baseline -0.021 -8"><span class='ocrx_word' id='word_1_106' title='bbox 29 1051 33 1060; x_wconf 89' lang='lat'>-</span> <span class='ocrx_word' id='word_1_107' title='bbox 133 1029 197 1070; x_wconf 83' lang='lat' dir='ltr'><strong>tera</strong></span> <span class='ocrx_word' id='word_1_108' title='bbox 215 1009 363 1080; x_wconf 78' lang='lat' dir='ltr'><strong>subripiat,</strong></span> <span class='ocrx_word' id='word_1_109' title='bbox 382 1018 411 1063; x_wconf 89' lang='lat' dir='ltr'><strong>et</strong></span> <span class='ocrx_word' id='word_1_110' title='bbox 427 1022 490 1062; x_wconf 90' lang='lat' dir='ltr'><strong>cum</strong></span> <span class='ocrx_word' id='word_1_111' title='bbox 506 1005 621 1061; x_wconf 89' lang='lat' dir='ltr'><strong>latenter</strong></span> <span class='ocrx_word' id='word_1_112' title='bbox 638 1017 692 1057; x_wconf 91' lang='lat' dir='ltr'><strong>nou</strong></span> <span class='ocrx_word' id='word_1_113' title='bbox 712 1005 803 1071; x_wconf 88' lang='lat' dir='ltr'><strong>potest</strong></span> <span class='ocrx_word' id='word_1_114' title='bbox 820 995 923 1065; x_wconf 80' lang='lat' dir='ltr'><strong>lallare,</strong></span> <span class='ocrx_word' id='word_1_115' title='bbox 973 996 1038 1051; x_wconf 83' lang='lat' dir='ltr'><strong>milri</strong></span> <span class='ocrx_word' id='word_1_116' title='bbox 1052 998 1177 1067; x_wconf 71' lang='lat' dir='ltr'><strong>reguiam.</strong></span> 
     </span>
    </p>
   </div>
   <div class='ocr_carea' id='block_1_4' title="bbox 133 1080 1771 1261">
    <p class='ocr_par' dir='ltr' id='par_1_5' title="bbox 133 1080 1771 1261">
     <span class='ocr_line' id='line_1_10' title="bbox 133 1080 1770 1175; baseline -0.01 -17"><span class='ocrx_word' id='word_1_117' title='bbox 133 1110 227 1175; x_wconf 85' lang='lat' dir='ltr'><strong>aperte</strong></span> <span class='ocrx_word' id='word_1_118' title='bbox 243 1101 364 1155; x_wconf 85' lang='lat' dir='ltr'><strong>mittatur</strong></span> <span class='ocrx_word' id='word_1_119' title='bbox 382 1105 516 1153; x_wconf 88' lang='lat' dir='ltr'><strong>terrorem</strong></span> <span class='ocrx_word' id='word_1_120' title='bbox 535 1094 650 1151; x_wconf 73' lang='lat' dir='ltr'><strong>turbidae</strong></span> <span class='ocrx_word' id='word_1_121' title='bbox 666 1087 864 1162; x_wconf 86' lang='lat' dir='ltr'><strong>persecutionis</strong></span> <span class='ocrx_word' id='word_1_122' title='bbox 883 1085 925 1141; x_wconf 93' lang='lat' dir='ltr'><strong>in·</strong></span> <span class='ocrx_word' id='word_1_123' title='bbox 1009 1085 1070 1157; x_wconf 82' lang='lat' dir='ltr'><strong>lpse</strong></span> <span class='ocrx_word' id='word_1_124' title='bbox 1081 1084 1208 1156; x_wconf 72' lang='lat' dir='ltr'><strong>perficiet,</strong></span> <span class='ocrx_word' id='word_1_125' title='bbox 1222 1083 1399 1153; x_wconf 73' lang='lat' dir='ltr'><strong>confirmabit,</strong></span> <span class='ocrx_word' id='word_1_126' title='bbox 1413 1080 1546 1139; x_wconf 72' lang='lat' dir='ltr'><strong>solidabit.</strong></span> <span class='ocrx_word' id='word_1_127' title='bbox 1561 1081 1691 1141; x_wconf 78' lang='lat' dir='ltr'><strong>Perdciet</strong></span> <span class='ocrx_word' id='word_1_128' title='bbox 1710 1098 1770 1142; x_wconf 78' lang='lat' dir='ltr'><strong>aar·</strong></span> 
     </span>
     <span class='ocr_line' id='line_1_11' title="bbox 134 1174 1771 1261; baseline -0.01 -11"><span class='ocrx_word' id='word_1_129' title='bbox 134 1204 255 1261; x_wconf 85' lang='lat' dir='ltr'><strong>tentam,</strong></span> <span class='ocrx_word' id='word_1_130' title='bbox 273 1194 308 1249; x_wconf 89' lang='lat' dir='ltr'><strong>ad</strong></span> <span class='ocrx_word' id='word_1_131' title='bbox 325 1190 498 1249; x_wconf 88' lang='lat' dir='ltr'><strong>debellandos</strong></span> <span class='ocrx_word' id='word_1_132' title='bbox 517 1202 611 1244; x_wconf 80' lang='lat' dir='ltr'><strong>servos</strong></span> <span class='ocrx_word' id='word_1_133' title='bbox 638 1185 687 1241; x_wconf 82' lang='lat' dir='ltr'><strong>ttai</strong></span> <span class='ocrx_word' id='word_1_134' title='bbox 706 1182 842 1253; x_wconf 88' lang='lat' dir='ltr'><strong>inquietus</strong></span> <span class='ocrx_word' id='word_1_135' title='bbox 855 1190 927 1234; x_wconf 87' lang='lat' dir='ltr'><strong>sem·</strong></span> <span class='ocrx_word' id='word_1_136' title='bbox 975 1193 1049 1249; x_wconf 86' lang='lat' dir='ltr'><strong>pore,</strong></span> <span class='ocrx_word' id='word_1_137' title='bbox 1066 1175 1237 1231; x_wconf 78' lang='lat' dir='ltr'><strong>confirmabit</strong></span> <span class='ocrx_word' id='word_1_138' title='bbox 1251 1176 1354 1237; x_wconf 85' lang='lat' dir='ltr'><strong>animo,</strong></span> <span class='ocrx_word' id='word_1_139' title='bbox 1369 1174 1496 1231; x_wconf 77' lang='lat' dir='ltr'><strong>solidabit</strong></span> <span class='ocrx_word' id='word_1_140' title='bbox 1509 1175 1623 1245; x_wconf 78' lang='lat' dir='ltr'><strong>spirim,</strong></span> <span class='ocrx_word' id='word_1_141' title='bbox 1637 1177 1696 1233; x_wconf 84' lang='lat' dir='ltr'><strong>sire</strong></span> <span class='ocrx_word' id='word_1_142' title='bbox 1710 1192 1771 1247; x_wconf 89' lang='lat' dir='ltr'><strong>per-</strong></span> 
     </span>
    </p>
   </div>
   <div class='ocr_carea' id='block_1_5' title="bbox 135 1261 1773 1441">
    <p class='ocr_par' dir='ltr' id='par_1_6' title="bbox 135 1261 1773 1441">
     <span class='ocr_line' id='line_1_12' title="bbox 135 1261 1771 1361; baseline -0.021 -17"><span class='ocrx_word' id='word_1_143' title='bbox 135 1305 193 1361; x_wconf 83' lang='lat' dir='ltr'><strong>per,</strong></span> <span class='ocrx_word' id='word_1_144' title='bbox 206 1297 233 1345; x_wconf 89' lang='lat' dir='ltr'><strong>ct</strong></span> <span class='ocrx_word' id='word_1_145' title='bbox 247 1302 356 1356; x_wconf 91' lang='lat' dir='ltr'><strong>semper</strong></span> <span class='ocrx_word' id='word_1_146' title='bbox 370 1284 498 1349; x_wconf 81' lang='lat' dir='ltr'><strong>infestus,</strong></span> <span class='ocrx_word' id='word_1_147' title='bbox 511 1283 538 1337; x_wconf 90' lang='lat' dir='ltr'><strong>iu</strong></span> <span class='ocrx_word' id='word_1_148' title='bbox 552 1295 617 1352; x_wconf 81' lang='lat' dir='ltr'><strong>pace</strong></span> <span class='ocrx_word' id='word_1_149' title='bbox 630 1275 774 1340; x_wconf 90' lang='lat' dir='ltr'><strong>subdolus,</strong></span> <span class='ocrx_word' id='word_1_150' title='bbox 789 1274 816 1329; x_wconf 93' lang='lat' dir='ltr'><strong>in</strong></span> <span class='ocrx_word' id='word_1_151' title='bbox 832 1285 926 1343; x_wconf 81' lang='lat' dir='ltr'><strong>perse-</strong></span> <span class='ocrx_word' id='word_1_152' title='bbox 976 1267 1050 1323; x_wconf 88' lang='lat' dir='ltr'><strong>iiciet</strong></span> <span class='ocrx_word' id='word_1_153' title='bbox 1070 1265 1183 1336; x_wconf 76' lang='lat' dir='ltr'><strong>pientio</strong></span> <span class='ocrx_word' id='word_1_154' title='bbox 1196 1273 1308 1319; x_wconf 76' lang='lat' dir='ltr'><strong>aeterno.</strong></span> <span class='ocrx_word' id='word_1_155' title='bbox 1330 1261 1509 1318; x_wconf 84' lang='lat' dir='ltr'><strong>Corrttrmablt</strong></span> <span class='ocrx_word' id='word_1_156' title='bbox 1531 1263 1559 1319; x_wconf 93' lang='lat' dir='ltr'><strong>iu</strong></span> <span class='ocrx_word' id='word_1_157' title='bbox 1583 1278 1668 1334; x_wconf 82' lang='lat' dir='ltr'><strong>opero</strong></span> <span class='ocrx_word' id='word_1_158' title='bbox 1681 1264 1771 1327; x_wconf 72' lang='lat' dir='ltr'><strong>bopo,</strong></span> 
     </span>
     <span class='ocr_line' id='line_1_13' title="bbox 136 1351 1773 1441; baseline -0.015 -8"><span class='ocrx_word' id='word_1_159' title='bbox 136 1380 243 1433; x_wconf 85' lang='lat' dir='ltr'><strong>cutione</strong></span> <span class='ocrx_word' id='word_1_160' title='bbox 254 1377 396 1432; x_wconf 81' lang='lat' dir='ltr'><strong>violentus.</strong></span> <span class='ocrx_word' id='word_1_161' title='bbox 405 1374 594 1441; x_wconf 83' lang='lat' dir='ltr'><strong>Quemobrem,</strong></span> <span class='ocrx_word' id='word_1_162' title='bbox 605 1377 700 1426; x_wconf 87' lang='lat' dir='ltr'><strong>eontra</strong></span> <span class='ocrx_word' id='word_1_163' title='bbox 711 1381 806 1423; x_wconf 88' lang='lat' dir='ltr'><strong>omues</strong></span> <span class='ocrx_word' id='word_1_164' title='bbox 816 1361 925 1426; x_wconf 86' lang='lat' dir='ltr'><strong>diaboli,</strong></span> <span class='ocrx_word' id='word_1_165' title='bbox 976 1357 1102 1415; x_wconf 85' lang='lat' dir='ltr'><strong>solidabit</strong></span> <span class='ocrx_word' id='word_1_166' title='bbox 1113 1358 1142 1412; x_wconf 94' lang='lat' dir='ltr'><strong>in</strong></span> <span class='ocrx_word' id='word_1_167' title='bbox 1159 1356 1212 1411; x_wconf 79' lang='lat' dir='ltr'><strong>inde</strong></span> <span class='ocrx_word' id='word_1_168' title='bbox 1229 1356 1256 1410; x_wconf 90' lang='lat' dir='ltr'><strong>in</strong></span> <span class='ocrx_word' id='word_1_169' title='bbox 1269 1354 1379 1410; x_wconf 86' lang='lat' dir='ltr'><strong>Christo</strong></span> <span class='ocrx_word' id='word_1_170' title='bbox 1394 1351 1457 1409; x_wconf 84' lang='lat' dir='ltr'><strong>lesu</strong></span> <span class='ocrx_word' id='word_1_171' title='bbox 1476 1354 1590 1409; x_wconf 81' lang='lat' dir='ltr'><strong>Domino</strong></span> <span class='ocrx_word' id='word_1_172' title='bbox 1605 1362 1714 1417; x_wconf 90' lang='lat' dir='ltr'><strong>nostro,</strong></span> <span class='ocrx_word' id='word_1_173' title='bbox 1727 1354 1773 1411; x_wconf 93' lang='lat' dir='ltr'><strong>cui</strong></span> 
     </span>
    </p>
   </div>
   <div class='ocr_carea' id='block_1_6' title="bbox 135 1444 1771 1533">
    <p class='ocr_par' dir='ltr' id='par_1_7' title="bbox 135 1444 1771 1533">
     <span class='ocr_line' id='line_1_14' title="bbox 135 1444 1771 1533; baseline -0.015 -10"><span class='ocrx_word' id='word_1_174' title='bbox 135 1469 177 1523; x_wconf 84' lang='lat' dir='ltr'><strong>rei</strong></span> <span class='ocrx_word' id='word_1_175' title='bbox 190 1467 301 1523; x_wconf 76' lang='lat' dir='ltr'><strong>fallaces</strong></span> <span class='ocrx_word' id='word_1_176' title='bbox 321 1465 450 1529; x_wconf 85' lang='lat' dir='ltr'><strong>insidias,</strong></span> <span class='ocrx_word' id='word_1_177' title='bbox 470 1463 513 1518; x_wconf 80' lang='lat' dir='ltr'><strong>aei</strong></span> <span class='ocrx_word' id='word_1_178' title='bbox 531 1469 640 1533; x_wconf 85' lang='lat' dir='ltr'><strong>apertas</strong></span> <span class='ocrx_word' id='word_1_179' title='bbox 654 1459 743 1515; x_wconf 89' lang='lat' dir='ltr'><strong>minas</strong></span> <span class='ocrx_word' id='word_1_180' title='bbox 759 1464 832 1511; x_wconf 90' lang='lat' dir='ltr'><strong>stare</strong></span> <span class='ocrx_word' id='word_1_181' title='bbox 849 1452 929 1508; x_wconf 86' lang='lat' dir='ltr'><strong>debet</strong></span> <span class='ocrx_word' id='word_1_182' title='bbox 976 1460 1020 1509; x_wconf 88' lang='lat' dir='ltr'><strong>est</strong></span> <span class='ocrx_word' id='word_1_183' title='bbox 1034 1451 1120 1521; x_wconf 89' lang='lat' dir='ltr'><strong>gloria</strong></span> <span class='ocrx_word' id='word_1_184' title='bbox 1133 1458 1162 1505; x_wconf 92' lang='lat' dir='ltr'><strong>et</strong></span> <span class='ocrx_word' id='word_1_185' title='bbox 1178 1448 1321 1520; x_wconf 90' lang='lat' dir='ltr'><strong>imperium</strong></span> <span class='ocrx_word' id='word_1_186' title='bbox 1336 1447 1364 1502; x_wconf 94' lang='lat' dir='ltr'><strong>in</strong></span> <span class='ocrx_word' id='word_1_187' title='bbox 1377 1446 1475 1502; x_wconf 83' lang='lat' dir='ltr'><strong>saecnla</strong></span> <span class='ocrx_word' id='word_1_188' title='bbox 1490 1446 1660 1502; x_wconf 81' lang='lat' dir='ltr'><strong>saeculorum.</strong></span> <span class='ocrx_word' id='word_1_189' title='bbox 1672 1444 1771 1503; x_wconf 75' lang='lat' dir='ltr'><strong>Arnen.</strong></span> 
     </span>
    </p>
   </div>
   <div class='ocr_carea' id='block_1_7' title="bbox 62 1538 935 2432">
    <p class='ocr_par' dir='ltr' id='par_1_8' title="bbox 138 1538 929 1807">
     <span class='ocr_line' id='line_1_15' title="bbox 138 1538 929 1619; baseline -0.02 -8"><span class='ocrx_word' id='word_1_190' title='bbox 138 1558 286 1611; x_wconf 89' lang='lat' dir='ltr'><strong>instructus</strong></span> <span class='ocrx_word' id='word_1_191' title='bbox 298 1538 425 1619; x_wconf 83' lang='lat' dir='ltr'><strong>animus,</strong></span> <span class='ocrx_word' id='word_1_192' title='bbox 441 1561 469 1607; x_wconf 91' lang='lat' dir='ltr'><strong>et</strong></span> <span class='ocrx_word' id='word_1_193' title='bbox 485 1559 606 1606; x_wconf 90' lang='lat' dir='ltr'><strong>armatur</strong></span> <span class='ocrx_word' id='word_1_194' title='bbox 622 1556 677 1603; x_wconf 90' lang='lat' dir='ltr'><strong>tam</strong></span> <span class='ocrx_word' id='word_1_195' title='bbox 693 1553 805 1617; x_wconf 89' lang='lat' dir='ltr'><strong>paratus</strong></span> <span class='ocrx_word' id='word_1_196' title='bbox 823 1555 929 1611; x_wconf 90' lang='lat' dir='ltr'><strong>semper</strong></span> 
     </span>
     <span class='ocr_line' id='line_1_16' title="bbox 138 1638 929 1719; baseline -0.015 -20"><span class='ocrx_word' id='word_1_197' title='bbox 138 1647 170 1700; x_wconf 86' lang='lat' dir='ltr'><strong>ad</strong></span> <span class='ocrx_word' id='word_1_198' title='bbox 184 1646 397 1719; x_wconf 86' lang='lat' dir='ltr'><strong>repugnandum,</strong></span> <span class='ocrx_word' id='word_1_199' title='bbox 407 1658 489 1715; x_wconf 91' lang='lat' dir='ltr'><strong>quam</strong></span> <span class='ocrx_word' id='word_1_200' title='bbox 499 1648 541 1697; x_wconf 87' lang='lat' dir='ltr'><strong>cst</strong></span> <span class='ocrx_word' id='word_1_201' title='bbox 551 1640 586 1695; x_wconf 90' lang='lat' dir='ltr'><strong>ad</strong></span> <span class='ocrx_word' id='word_1_202' title='bbox 598 1638 809 1710; x_wconf 88' lang='lat' dir='ltr'><strong>impugnandum</strong></span> <span class='ocrx_word' id='word_1_203' title='bbox 821 1647 929 1704; x_wconf 83' lang='lat' dir='ltr'><strong>semper</strong></span> 
     </span>
     <span class='ocr_line' id='line_1_17' title="bbox 138 1734 398 1807; baseline -0.008 -17"><span class='ocrx_word' id='word_1_204' title='bbox 138 1747 248 1807; x_wconf 86' lang='lat' dir='ltr'><strong>paratus</strong></span> <span class='ocrx_word' id='word_1_205' title='bbox 261 1734 398 1791; x_wconf 87' lang='lat' dir='ltr'><strong>iuimicus.</strong></span> 
     </span>
    </p>

    <p class='ocr_par' dir='ltr' id='par_1_9' title="bbox 138 1817 931 2169">
     <span class='ocr_line' id='line_1_18' title="bbox 174 1817 929 1895; baseline -0.013 -14"><span class='ocrx_word' id='word_1_206' title='bbox 174 1826 224 1881; x_wconf 83' lang='lat' dir='ltr'><strong>Cui</strong></span> <span class='ocrx_word' id='word_1_207' title='bbox 237 1827 347 1881; x_wconf 74' lang='lat' dir='ltr'><strong>resistite</strong></span> <span class='ocrx_word' id='word_1_208' title='bbox 360 1825 439 1893; x_wconf 74' lang='lat' dir='ltr'><strong>sortes</strong></span> <span class='ocrx_word' id='word_1_209' title='bbox 453 1825 479 1877; x_wconf 88' lang='lat' dir='ltr'><strong>in</strong></span> <span class='ocrx_word' id='word_1_210' title='bbox 491 1823 559 1895; x_wconf 73' lang='lat' dir='ltr'><strong>fide,</strong></span> <span class='ocrx_word' id='word_1_211' title='bbox 574 1822 685 1877; x_wconf 66' lang='lat' dir='ltr'><strong>aciemn</strong></span> <span class='ocrx_word' id='word_1_212' title='bbox 697 1819 814 1874; x_wconf 81' lang='lat' dir='ltr'><strong>eamdem</strong></span> <span class='ocrx_word' id='word_1_213' title='bbox 827 1817 929 1887; x_wconf 80' lang='lat' dir='ltr'><strong>patria·</strong></span> 
     </span>
     <span class='ocr_line' id='line_1_19' title="bbox 139 1904 929 1983; baseline -0.014 -14"><span class='ocrx_word' id='word_1_214' title='bbox 139 1931 197 1969; x_wconf 82' lang='lat' dir='ltr'><strong>nem</strong></span> <span class='ocrx_word' id='word_1_215' title='bbox 210 1915 244 1980; x_wconf 88' lang='lat' dir='ltr'><strong>ci,</strong></span> <span class='ocrx_word' id='word_1_216' title='bbox 269 1930 327 1983; x_wconf 82' lang='lat' dir='ltr'><strong>qum</strong></span> <span class='ocrx_word' id='word_1_217' title='bbox 352 1915 379 1968; x_wconf 86' lang='lat' dir='ltr'><strong>ia</strong></span> <span class='ocrx_word' id='word_1_218' title='bbox 396 1912 493 1967; x_wconf 81' lang='lat' dir='ltr'><strong>mantio</strong></span> <span class='ocrx_word' id='word_1_219' title='bbox 508 1921 554 1974; x_wconf 81' lang='lat' dir='ltr'><strong>eat,</strong></span> <span class='ocrx_word' id='word_1_220' title='bbox 572 1918 664 1965; x_wconf 82' lang='lat' dir='ltr'><strong>eastra</strong></span> <span class='ocrx_word' id='word_1_221' title='bbox 685 1906 843 1979; x_wconf 70' lang='lat' dir='ltr'><strong>[salernitati</strong></span> <span class='ocrx_word' id='word_1_222' title='bbox 854 1904 929 1975; x_wconf 71' lang='lat' dir='ltr'><strong>peri,</strong></span> 
     </span>
     <span class='ocr_line' id='line_1_20' title="bbox 139 1998 931 2074; baseline -0.011 -14"><span class='ocrx_word' id='word_1_223' title='bbox 139 2015 192 2061; x_wconf 89' lang='lat' dir='ltr'><strong>etc.</strong></span> <span class='ocrx_word' id='word_1_224' title='bbox 208 2005 307 2070; x_wconf 88' lang='lat' dir='ltr'><strong>Tanto,</strong></span> <span class='ocrx_word' id='word_1_225' title='bbox 323 2005 420 2074; x_wconf 88' lang='lat' dir='ltr'><strong>inquit,</strong></span> <span class='ocrx_word' id='word_1_226' title='bbox 435 2002 561 2057; x_wconf 77' lang='lat' dir='ltr'><strong>fortiores</strong></span> <span class='ocrx_word' id='word_1_227' title='bbox 571 2009 657 2057; x_wconf 89' lang='lat' dir='ltr'><strong>estote</strong></span> <span class='ocrx_word' id='word_1_228' title='bbox 668 2001 695 2055; x_wconf 93' lang='lat' dir='ltr'><strong>iu</strong></span> <span class='ocrx_word' id='word_1_229' title='bbox 709 1998 772 2061; x_wconf 75' lang='lat' dir='ltr'><strong>itale,</strong></span> <span class='ocrx_word' id='word_1_230' title='bbox 783 2006 859 2053; x_wconf 90' lang='lat' dir='ltr'><strong>tauto</strong></span> <span class='ocrx_word' id='word_1_231' title='bbox 873 2009 931 2051; x_wconf 87' lang='lat' dir='ltr'><strong>uta·</strong></span> 
     </span>
     <span class='ocr_line' id='line_1_21' title="bbox 138 2091 931 2169; baseline -0.014 -16"><span class='ocrx_word' id='word_1_232' title='bbox 138 2098 224 2169; x_wconf 84' lang='lat' dir='ltr'><strong>jurent</strong></span> <span class='ocrx_word' id='word_1_233' title='bbox 234 2100 305 2154; x_wconf 85' lang='lat' dir='ltr'><strong>lrabe</strong></span> <span class='ocrx_word' id='word_1_234' title='bbox 320 2107 345 2153; x_wconf 88' lang='lat' dir='ltr'><strong>tc</strong></span> <span class='ocrx_word' id='word_1_235' title='bbox 360 2096 486 2152; x_wconf 81' lang='lat' dir='ltr'><strong>fiduciam</strong></span> <span class='ocrx_word' id='word_1_236' title='bbox 502 2097 535 2151; x_wconf 88' lang='lat' dir='ltr'><strong>ad</strong></span> <span class='ocrx_word' id='word_1_237' title='bbox 549 2094 714 2167; x_wconf 86' lang='lat' dir='ltr'><strong>superandas</strong></span> <span class='ocrx_word' id='word_1_238' title='bbox 727 2091 826 2147; x_wconf 89' lang='lat' dir='ltr'><strong>diaboli</strong></span> <span class='ocrx_word' id='word_1_239' title='bbox 838 2104 931 2146; x_wconf 81' lang='lat' dir='ltr'><strong>versu·</strong></span> 
     </span>
    </p>

    <p class='ocr_par' dir='ltr' id='par_1_10' title="bbox 62 2182 935 2432">
     <span class='ocr_line' id='line_1_22' title="bbox 141 2182 930 2259; baseline -0.009 -17"><span class='ocrx_word' id='word_1_240' title='bbox 141 2190 208 2253; x_wconf 90' lang='lat' dir='ltr'><strong>tias,</strong></span> <span class='ocrx_word' id='word_1_241' title='bbox 223 2196 324 2258; x_wconf 85' lang='lat' dir='ltr'><strong>quanto</strong></span> <span class='ocrx_word' id='word_1_242' title='bbox 342 2195 466 2252; x_wconf 80' lang='lat' dir='ltr'><strong>coristat,</strong></span> <span class='ocrx_word' id='word_1_243' title='bbox 480 2187 542 2259; x_wconf 89' lang='lat' dir='ltr'><strong>quia</strong></span> <span class='ocrx_word' id='word_1_244' title='bbox 562 2203 615 2241; x_wconf 93' lang='lat' dir='ltr'><strong>non</strong></span> <span class='ocrx_word' id='word_1_245' title='bbox 636 2201 684 2240; x_wconf 80' lang='lat' dir='ltr'><strong>ros</strong></span> <span class='ocrx_word' id='word_1_246' title='bbox 700 2183 749 2239; x_wconf 88' lang='lat' dir='ltr'><strong>soii</strong></span> <span class='ocrx_word' id='word_1_247' title='bbox 774 2182 930 2248; x_wconf 76' lang='lat' dir='ltr'><strong>tentamini,</strong></span> 
     </span>
     <span class='ocr_line' id='line_1_23' title="bbox 62 2256 933 2348; baseline -0.011 -14"><span class='ocrx_word' id='word_1_248' title='bbox 62 2256 73 2271; x_wconf 68' lang='lat'><em>⁰</em></span> <span class='ocrx_word' id='word_1_249' title='bbox 141 2279 188 2334; x_wconf 91' lang='lat' dir='ltr'><strong>sed</strong></span> <span class='ocrx_word' id='word_1_250' title='bbox 207 2280 265 2348; x_wconf 91' lang='lat' dir='ltr'><strong>ipsa</strong></span> <span class='ocrx_word' id='word_1_251' title='bbox 284 2278 373 2347; x_wconf 87' lang='lat' dir='ltr'><strong>passio</strong></span> <span class='ocrx_word' id='word_1_252' title='bbox 394 2292 454 2347; x_wconf 80' lang='lat' dir='ltr'><strong>qua</strong></span> <span class='ocrx_word' id='word_1_253' title='bbox 470 2292 519 2332; x_wconf 84' lang='lat' dir='ltr'><strong>vos</strong></span> <span class='ocrx_word' id='word_1_254' title='bbox 533 2276 645 2346; x_wconf 77' lang='lat' dir='ltr'><strong>fatigat.</strong></span> <span class='ocrx_word' id='word_1_255' title='bbox 659 2275 684 2330; x_wconf 88' lang='lat' dir='ltr'><strong>ei</strong></span> <span class='ocrx_word' id='word_1_256' title='bbox 696 2288 803 2344; x_wconf 91' lang='lat' dir='ltr'><strong>quoque</strong></span> <span class='ocrx_word' id='word_1_257' title='bbox 814 2286 875 2341; x_wconf 78' lang='lat' dir='ltr'><strong>qua</strong></span> <span class='ocrx_word' id='word_1_258' title='bbox 885 2286 933 2341; x_wconf 90' lang='lat' dir='ltr'><strong>per</strong></span> 
     </span>
     <span class='ocr_line' id='line_1_24' title="bbox 142 2363 935 2432; baseline -0.01 -7"><span class='ocrx_word' id='word_1_259' title='bbox 142 2378 226 2425; x_wconf 87' lang='lat' dir='ltr'><strong>lutum</strong></span> <span class='ocrx_word' id='word_1_260' title='bbox 242 2369 369 2424; x_wconf 85' lang='lat' dir='ltr'><strong>turrrtdum</strong></span> <span class='ocrx_word' id='word_1_261' title='bbox 382 2379 424 2423; x_wconf 86' lang='lat' dir='ltr'><strong>cst</strong></span> <span class='ocrx_word' id='word_1_262' title='bbox 439 2368 567 2424; x_wconf 74' lang='lat' dir='ltr'><strong>Ecclesiae</strong></span> <span class='ocrx_word' id='word_1_263' title='bbox 578 2367 689 2432; x_wconf 81' lang='lat' dir='ltr'><strong>Christi,</strong></span> <span class='ocrx_word' id='word_1_264' title='bbox 700 2373 798 2420; x_wconf 74' lang='lat' dir='ltr'><strong>restrae</strong></span> <span class='ocrx_word' id='word_1_265' title='bbox 812 2363 935 2421; x_wconf 82' lang='lat' dir='ltr'><strong>videlicet</strong></span> 
     </span>
    </p>
   </div>
   <div class='ocr_carea' id='block_1_8' title="bbox 981 1572 1782 2443">
    <p class='ocr_par' dir='ltr' id='par_1_11' title="bbox 1160 1572 1587 1623">
     <span class='ocr_line' id='line_1_25' title="bbox 1160 1572 1587 1623; baseline -0.009 -8"><span class='ocrx_word' id='word_1_266' title='bbox 1160 1574 1331 1615; x_wconf 82' lang='lat' dir='ltr'><strong>nrtncsnrurr</strong></span> <span class='ocrx_word' id='word_1_267' title='bbox 1349 1572 1443 1623; x_wconf 75' lang='lat' dir='ltr'><strong>unca,</strong></span> <span class='ocrx_word' id='word_1_268' title='bbox 1461 1572 1521 1612; x_wconf 81' lang='lat' dir='ltr'><strong>car.</strong></span> <span class='ocrx_word' id='word_1_269' title='bbox 1543 1572 1587 1611; x_wconf 85' lang='lat' dir='ltr'><strong>rr.</strong></span> 
     </span>
    </p>

    <p class='ocr_par' dir='ltr' id='par_1_12' title="bbox 981 1646 1782 2443">
     <span class='ocr_line' id='line_1_26' title="bbox 1016 1646 1776 1722; baseline -0.008 -13"><span class='ocrx_word' id='word_1_270' title='bbox 1016 1673 1027 1708; x_wconf 84' lang='lat' dir='ltr'><strong>r</strong></span> <span class='ocrx_word' id='word_1_271' title='bbox 1049 1654 1134 1709; x_wconf 85' lang='lat' dir='ltr'><strong>Erant</strong></span> <span class='ocrx_word' id='word_1_272' title='bbox 1154 1650 1401 1722; x_wconf 78' lang='lat' dir='ltr'><strong>appropinquantes</strong></span> <span class='ocrx_word' id='word_1_273' title='bbox 1419 1648 1453 1703; x_wconf 87' lang='lat' dir='ltr'><strong>ad</strong></span> <span class='ocrx_word' id='word_1_274' title='bbox 1476 1646 1567 1703; x_wconf 83' lang='lat' dir='ltr'><strong>lesum</strong></span> <span class='ocrx_word' id='word_1_275' title='bbox 1588 1646 1727 1718; x_wconf 86' lang='lat' dir='ltr'><strong>publicanl</strong></span> <span class='ocrx_word' id='word_1_276' title='bbox 1748 1656 1776 1704; x_wconf 86' lang='lat' dir='ltr'><strong>et</strong></span> 
     </span>
     <span class='ocr_line' id='line_1_27' title="bbox 981 1734 1777 1814; baseline -0.009 -18"><span class='ocrx_word' id='word_1_277' title='bbox 981 1748 1184 1814; x_wconf 69' lang='lat' dir='ltr'><strong>«peccatores,</strong></span> <span class='ocrx_word' id='word_1_278' title='bbox 1205 1746 1236 1792; x_wconf 91' lang='lat' dir='ltr'><strong>ut</strong></span> <span class='ocrx_word' id='word_1_279' title='bbox 1252 1737 1377 1792; x_wconf 75' lang='lat' dir='ltr'><strong>audirent</strong></span> <span class='ocrx_word' id='word_1_280' title='bbox 1399 1735 1485 1791; x_wconf 91' lang='lat' dir='ltr'><strong>ilium.</strong></span> <span class='ocrx_word' id='word_1_281' title='bbox 1509 1734 1543 1789; x_wconf 82' lang='lat' dir='ltr'><strong>Et</strong></span> <span class='ocrx_word' id='word_1_282' title='bbox 1566 1735 1777 1790; x_wconf 85' lang='lat' dir='ltr'><strong>murmurabant</strong></span> 
     </span>
     <span class='ocr_line' id='line_1_28' title="bbox 982 1824 1776 1897; baseline -0.006 -11"><span class='ocrx_word' id='word_1_283' title='bbox 982 1854 991 1886; x_wconf 78' lang='lat' dir='ltr'><strong>r</strong></span> <span class='ocrx_word' id='word_1_284' title='bbox 1013 1832 1143 1889; x_wconf 84' lang='lat' dir='ltr'><strong>Plrarisaei</strong></span> <span class='ocrx_word' id='word_1_285' title='bbox 1158 1837 1186 1886; x_wconf 86' lang='lat' dir='ltr'><strong>et</strong></span> <span class='ocrx_word' id='word_1_286' title='bbox 1204 1829 1300 1886; x_wconf 81' lang='lat' dir='ltr'><strong>scribae</strong></span> <span class='ocrx_word' id='word_1_287' title='bbox 1315 1828 1452 1892; x_wconf 85' lang='lat' dir='ltr'><strong>dicentes,</strong></span> <span class='ocrx_word' id='word_1_288' title='bbox 1469 1826 1530 1897; x_wconf 89' lang='lat' dir='ltr'><strong>qnia</strong></span> <span class='ocrx_word' id='word_1_289' title='bbox 1550 1824 1595 1881; x_wconf 83' lang='lat' dir='ltr'><strong>bie</strong></span> <span class='ocrx_word' id='word_1_290' title='bbox 1615 1833 1776 1896; x_wconf 70' lang='lat' dir='ltr'><strong>peccatores</strong></span> 
     </span>
     <span class='ocr_line' id='line_1_29' title="bbox 983 1914 1779 1995; baseline -0.009 -17"><span class='ocrx_word' id='word_1_291' title='bbox 983 1944 993 1978; x_wconf 77' lang='lat' dir='ltr'><strong>r</strong></span> <span class='ocrx_word' id='word_1_292' title='bbox 1015 1925 1112 1995; x_wconf 81' lang='lat' dir='ltr'><strong>recipit</strong></span> <span class='ocrx_word' id='word_1_293' title='bbox 1126 1933 1154 1977; x_wconf 86' lang='lat' dir='ltr'><strong>et</strong></span> <span class='ocrx_word' id='word_1_294' title='bbox 1170 1921 1316 1978; x_wconf 87' lang='lat' dir='ltr'><strong>manducat</strong></span> <span class='ocrx_word' id='word_1_295' title='bbox 1327 1934 1390 1974; x_wconf 86' lang='lat' dir='ltr'><strong>cum</strong></span> <span class='ocrx_word' id='word_1_296' title='bbox 1403 1917 1465 1973; x_wconf 86' lang='lat' dir='ltr'><strong>iilis.</strong></span> <span class='ocrx_word' id='word_1_297' title='bbox 1487 1916 1522 1972; x_wconf 84' lang='lat' dir='ltr'><strong>lit</strong></span> <span class='ocrx_word' id='word_1_298' title='bbox 1534 1916 1574 1971; x_wconf 88' lang='lat' dir='ltr'><strong>ait</strong></span> <span class='ocrx_word' id='word_1_299' title='bbox 1589 1915 1622 1971; x_wconf 89' lang='lat' dir='ltr'><strong>ad</strong></span> <span class='ocrx_word' id='word_1_300' title='bbox 1647 1914 1710 1971; x_wconf 86' lang='lat' dir='ltr'><strong>illos</strong></span> <span class='ocrx_word' id='word_1_301' title='bbox 1730 1930 1779 1987; x_wconf 89' lang='lat' dir='ltr'><strong>pn·</strong></span> 
     </span>
     <span class='ocr_line' id='line_1_30' title="bbox 983 2005 1780 2076; baseline -0.009 -8"><span class='ocrx_word' id='word_1_302' title='bbox 983 2036 993 2068; x_wconf 81' lang='lat' dir='ltr'><strong>r</strong></span> <span class='ocrx_word' id='word_1_303' title='bbox 1015 2015 1135 2071; x_wconf 79' lang='lat' dir='ltr'><strong>rairoiam</strong></span> <span class='ocrx_word' id='word_1_304' title='bbox 1154 2014 1233 2069; x_wconf 87' lang='lat' dir='ltr'><strong>istam</strong></span> <span class='ocrx_word' id='word_1_305' title='bbox 1250 2011 1343 2066; x_wconf 90' lang='lat' dir='ltr'><strong>dicens</strong></span> <span class='ocrx_word' id='word_1_306' title='bbox 1365 2008 1455 2075; x_wconf 83' lang='lat' dir='ltr'><strong>:Quis</strong></span> <span class='ocrx_word' id='word_1_307' title='bbox 1476 2023 1509 2063; x_wconf 82' lang='lat' dir='ltr'><strong>ex</strong></span> <span class='ocrx_word' id='word_1_308' title='bbox 1532 2007 1610 2063; x_wconf 87' lang='lat' dir='ltr'><strong>robis</strong></span> <span class='ocrx_word' id='word_1_309' title='bbox 1626 2006 1711 2061; x_wconf 83' lang='lat' dir='ltr'><strong>borno</strong></span> <span class='ocrx_word' id='word_1_310' title='bbox 1732 2005 1780 2076; x_wconf 91' lang='lat' dir='ltr'><strong>qui</strong></span> 
     </span>
     <span class='ocr_line' id='line_1_31' title="bbox 983 2096 1778 2171; baseline -0.008 -12"><span class='ocrx_word' id='word_1_311' title='bbox 983 2128 993 2159; x_wconf 80' lang='lat' dir='ltr'><strong>r</strong></span> <span class='ocrx_word' id='word_1_312' title='bbox 1013 2108 1095 2164; x_wconf 89' lang='lat' dir='ltr'><strong>babet</strong></span> <span class='ocrx_word' id='word_1_313' title='bbox 1106 2114 1216 2163; x_wconf 88' lang='lat' dir='ltr'><strong>centum</strong></span> <span class='ocrx_word' id='word_1_314' title='bbox 1228 2118 1307 2165; x_wconf 87' lang='lat' dir='ltr'><strong>ores,</strong></span> <span class='ocrx_word' id='word_1_315' title='bbox 1323 2110 1351 2156; x_wconf 90' lang='lat' dir='ltr'><strong>et</strong></span> <span class='ocrx_word' id='word_1_316' title='bbox 1364 2100 1386 2156; x_wconf 90' lang='lat' dir='ltr'><strong>si</strong></span> <span class='ocrx_word' id='word_1_317' title='bbox 1400 2099 1548 2171; x_wconf 86' lang='lat' dir='ltr'><strong>perdiderit</strong></span> <span class='ocrx_word' id='word_1_318' title='bbox 1563 2113 1646 2154; x_wconf 89' lang='lat' dir='ltr'><strong>unam</strong></span> <span class='ocrx_word' id='word_1_319' title='bbox 1664 2112 1697 2153; x_wconf 84' lang='lat' dir='ltr'><strong>en</strong></span> <span class='ocrx_word' id='word_1_320' title='bbox 1714 2096 1778 2163; x_wconf 83' lang='lat' dir='ltr'><strong>illis,</strong></span> 
     </span>
     <span class='ocr_line' id='line_1_32' title="bbox 984 2186 1782 2264; baseline -0.01 -13"><span class='ocrx_word' id='word_1_321' title='bbox 984 2216 993 2251; x_wconf 79' lang='lat' dir='ltr'><strong>a</strong></span> <span class='ocrx_word' id='word_1_322' title='bbox 1016 2212 1107 2254; x_wconf 91' lang='lat' dir='ltr'><strong>nonne</strong></span> <span class='ocrx_word' id='word_1_323' title='bbox 1118 2196 1229 2252; x_wconf 86' lang='lat' dir='ltr'><strong>dimittit</strong></span> <span class='ocrx_word' id='word_1_324' title='bbox 1238 2193 1383 2264; x_wconf 71' lang='lat' dir='ltr'><strong>nonaginta</strong></span> <span class='ocrx_word' id='word_1_325' title='bbox 1394 2205 1489 2246; x_wconf 82' lang='lat' dir='ltr'><strong>norem</strong></span> <span class='ocrx_word' id='word_1_326' title='bbox 1501 2189 1528 2244; x_wconf 92' lang='lat' dir='ltr'><strong>lu</strong></span> <span class='ocrx_word' id='word_1_327' title='bbox 1539 2190 1658 2255; x_wconf 87' lang='lat' dir='ltr'><strong>deserta,</strong></span> <span class='ocrx_word' id='word_1_328' title='bbox 1666 2196 1695 2244; x_wconf 88' lang='lat' dir='ltr'><strong>et</strong></span> <span class='ocrx_word' id='word_1_329' title='bbox 1706 2186 1782 2245; x_wconf 69' lang='lat' dir='ltr'><strong>radit</strong></span> 
     </span>
     <span class='ocr_line' id='line_1_33' title="bbox 985 2278 1779 2355; baseline -0.005 -17"><span class='ocrx_word' id='word_1_330' title='bbox 985 2309 994 2338; x_wconf 72' lang='grc' dir='ltr'><strong>ι</strong></span> <span class='ocrx_word' id='word_1_331' title='bbox 1018 2287 1052 2341; x_wconf 89' lang='lat' dir='ltr'><strong>ad</strong></span> <span class='ocrx_word' id='word_1_332' title='bbox 1066 2286 1141 2340; x_wconf 87' lang='lat' dir='ltr'><strong>illam</strong></span> <span class='ocrx_word' id='word_1_333' title='bbox 1165 2299 1225 2355; x_wconf 78' lang='lat' dir='ltr'><strong>quae</strong></span> <span class='ocrx_word' id='word_1_334' title='bbox 1243 2282 1372 2353; x_wconf 85' lang='lat' dir='ltr'><strong>perierat,</strong></span> <span class='ocrx_word' id='word_1_335' title='bbox 1394 2281 1480 2336; x_wconf 88' lang='lat' dir='ltr'><strong>donec</strong></span> <span class='ocrx_word' id='word_1_336' title='bbox 1500 2279 1621 2334; x_wconf 77' lang='lat' dir='ltr'><strong>inveniat</strong></span> <span class='ocrx_word' id='word_1_337' title='bbox 1637 2278 1730 2334; x_wconf 77' lang='lat' dir='ltr'><strong>illam?</strong></span> <span class='ocrx_word' id='word_1_338' title='bbox 1747 2278 1779 2334; x_wconf 83' lang='lat' dir='ltr'><strong>tn</strong></span> 
     </span>
     <span class='ocr_line' id='line_1_34' title="bbox 986 2370 1778 2443; baseline -0.005 -14"><span class='ocrx_word' id='word_1_339' title='bbox 986 2398 995 2429; x_wconf 75' lang='lat' dir='ltr'><strong>r</strong></span> <span class='ocrx_word' id='word_1_340' title='bbox 1018 2392 1079 2433; x_wconf 89' lang='lat' dir='ltr'><strong>cum</strong></span> <span class='ocrx_word' id='word_1_341' title='bbox 1095 2375 1229 2432; x_wconf 81' lang='lat' dir='ltr'><strong>invenerit</strong></span> <span class='ocrx_word' id='word_1_342' title='bbox 1239 2390 1310 2439; x_wconf 85' lang='lat' dir='ltr'><strong>eam,</strong></span> <span class='ocrx_word' id='word_1_343' title='bbox 1326 2372 1440 2443; x_wconf 87' lang='lat' dir='ltr'><strong>imponit</strong></span> <span class='ocrx_word' id='word_1_344' title='bbox 1453 2371 1482 2426; x_wconf 91' lang='lat' dir='ltr'><strong>ln</strong></span> <span class='ocrx_word' id='word_1_345' title='bbox 1495 2370 1624 2425; x_wconf 86' lang='lat' dir='ltr'><strong>bumeros</strong></span> <span class='ocrx_word' id='word_1_346' title='bbox 1634 2382 1702 2425; x_wconf 84' lang='lat' dir='ltr'><strong>tuos</strong></span> <span class='ocrx_word' id='word_1_347' title='bbox 1715 2384 1778 2440; x_wconf 83' lang='lat' dir='ltr'><strong>gan·</strong></span> 
     </span>
    </p>
   </div>
   <div class='ocr_carea' id='block_1_9' title="bbox 141 2457 1783 3077">
    <p class='ocr_par' dir='ltr' id='par_1_13' title="bbox 141 2457 1780 2809">
     <span class='ocr_line' id='line_1_35' title="bbox 141 2457 935 2531; baseline -0.005 -16"><span class='ocrx_word' id='word_1_348' title='bbox 141 2460 306 2516; x_wconf 80' lang='lat' dir='ltr'><strong>fraternitati</strong></span> <span class='ocrx_word' id='word_1_349' title='bbox 328 2462 479 2517; x_wconf 88' lang='lat' dir='ltr'><strong>corttmunis</strong></span> <span class='ocrx_word' id='word_1_350' title='bbox 497 2469 555 2526; x_wconf 91' lang='lat' dir='ltr'><strong>est,</strong></span> <span class='ocrx_word' id='word_1_351' title='bbox 575 2469 603 2516; x_wconf 90' lang='lat' dir='ltr'><strong>et</strong></span> <span class='ocrx_word' id='word_1_352' title='bbox 622 2462 686 2531; x_wconf 89' lang='lat' dir='ltr'><strong>quia</strong></span> <span class='ocrx_word' id='word_1_353' title='bbox 707 2474 721 2513; x_wconf 91' lang='lat' dir='ltr'><strong>a</strong></span> <span class='ocrx_word' id='word_1_354' title='bbox 742 2457 935 2514; x_wconf 86' lang='lat' dir='ltr'><strong>constitutione</strong></span> 
     </span>
     <span class='ocr_line' id='line_1_36' title="bbox 142 2551 934 2626; baseline -0.003 -18"><span class='ocrx_word' id='word_1_355' title='bbox 142 2553 236 2608; x_wconf 90' lang='lat' dir='ltr'><strong>mundi</strong></span> <span class='ocrx_word' id='word_1_356' title='bbox 249 2568 355 2624; x_wconf 88' lang='lat' dir='ltr'><strong>semper</strong></span> <span class='ocrx_word' id='word_1_357' title='bbox 371 2555 442 2624; x_wconf 91' lang='lat' dir='ltr'><strong>passi</strong></span> <span class='ocrx_word' id='word_1_358' title='bbox 455 2563 518 2609; x_wconf 89' lang='lat' dir='ltr'><strong>suut</strong></span> <span class='ocrx_word' id='word_1_359' title='bbox 525 2553 603 2623; x_wconf 81' lang='lat' dir='ltr'><strong>iusti,</strong></span> <span class='ocrx_word' id='word_1_360' title='bbox 616 2556 715 2626; x_wconf 88' lang='lat' dir='ltr'><strong>pudeat</strong></span> <span class='ocrx_word' id='word_1_361' title='bbox 728 2568 775 2609; x_wconf 81' lang='lat' dir='ltr'><strong>ros</strong></span> <span class='ocrx_word' id='word_1_362' title='bbox 788 2551 860 2608; x_wconf 84' lang='lat' dir='ltr'><strong>selas</strong></span> <span class='ocrx_word' id='word_1_363' title='bbox 877 2565 934 2623; x_wconf 77' lang='lat' dir='ltr'><strong>prae</strong></span> 
     </span>
     <span class='ocr_line' id='line_1_37' title="bbox 142 2641 1780 2716; baseline -0.001 -18"><span class='ocrx_word' id='word_1_364' title='bbox 142 2643 268 2699; x_wconf 92' lang='lat' dir='ltr'><strong>omuibus</strong></span> <span class='ocrx_word' id='word_1_365' title='bbox 278 2642 413 2700; x_wconf 88' lang='lat' dir='ltr'><strong>sustinere</strong></span> <span class='ocrx_word' id='word_1_366' title='bbox 424 2659 478 2699; x_wconf 74' lang='lat' dir='ltr'><strong>urin</strong></span> <span class='ocrx_word' id='word_1_367' title='bbox 490 2661 579 2716; x_wconf 89' lang='lat' dir='ltr'><strong>posse.</strong></span> <span class='ocrx_word' id='word_1_368' title='bbox 987 2666 998 2700; x_wconf 91' lang='lat' dir='ltr'><strong>t</strong></span> <span class='ocrx_word' id='word_1_369' title='bbox 1020 2660 1098 2703; x_wconf 81' lang='lat' dir='ltr'><strong>orem</strong></span> <span class='ocrx_word' id='word_1_370' title='bbox 1121 2660 1210 2701; x_wconf 89' lang='lat' dir='ltr'><strong>meam</strong></span> <span class='ocrx_word' id='word_1_371' title='bbox 1233 2658 1294 2715; x_wconf 80' lang='lat' dir='ltr'><strong>quac</strong></span> <span class='ocrx_word' id='word_1_372' title='bbox 1314 2643 1442 2714; x_wconf 84' lang='lat' dir='ltr'><strong>perierat.</strong></span> <span class='ocrx_word' id='word_1_373' title='bbox 1463 2642 1529 2698; x_wconf 83' lang='lat' dir='ltr'><strong>ilico</strong></span> <span class='ocrx_word' id='word_1_374' title='bbox 1551 2641 1628 2698; x_wconf 85' lang='lat' dir='ltr'><strong>robis</strong></span> <span class='ocrx_word' id='word_1_375' title='bbox 1645 2641 1722 2713; x_wconf 89' lang='lat' dir='ltr'><strong>qaod</strong></span> <span class='ocrx_word' id='word_1_376' title='bbox 1745 2641 1780 2697; x_wconf 84' lang='lat' dir='ltr'><strong>ita</strong></span> 
     </span>
     <span class='ocr_line' id='line_1_38' title="bbox 421 2729 1780 2809; baseline -0.004 -19"><span class='ocrx_word' id='word_1_377' title='bbox 421 2752 480 2790; x_wconf 81' lang='lat' dir='ltr'><strong>tura</strong></span> <span class='ocrx_word' id='word_1_378' title='bbox 498 2751 651 2792; x_wconf 79' lang='lat' dir='ltr'><strong>snrosrrto.</strong></span> <span class='ocrx_word' id='word_1_379' title='bbox 988 2756 998 2789; x_wconf 83' lang='lat' dir='ltr'><strong>r</strong></span> <span class='ocrx_word' id='word_1_380' title='bbox 1019 2737 1146 2809; x_wconf 88' lang='lat' dir='ltr'><strong>gaudium</strong></span> <span class='ocrx_word' id='word_1_381' title='bbox 1165 2736 1218 2791; x_wconf 90' lang='lat' dir='ltr'><strong>erit</strong></span> <span class='ocrx_word' id='word_1_382' title='bbox 1236 2734 1263 2789; x_wconf 92' lang='lat' dir='ltr'><strong>in</strong></span> <span class='ocrx_word' id='word_1_383' title='bbox 1277 2733 1346 2789; x_wconf 85' lang='lat' dir='ltr'><strong>emin</strong></span> <span class='ocrx_word' id='word_1_384' title='bbox 1364 2748 1446 2803; x_wconf 86' lang='lat' dir='ltr'><strong>super</strong></span> <span class='ocrx_word' id='word_1_385' title='bbox 1462 2747 1519 2788; x_wconf 91' lang='lat' dir='ltr'><strong>uuo</strong></span> <span class='ocrx_word' id='word_1_386' title='bbox 1534 2738 1680 2802; x_wconf 82' lang='lat' dir='ltr'><strong>peccatore</strong></span> <span class='ocrx_word' id='word_1_387' title='bbox 1694 2729 1780 2802; x_wconf 77' lang='lat' dir='ltr'><strong>panni·</strong></span> 
     </span>
    </p>

    <p class='ocr_par' dir='ltr' id='par_1_14' title="bbox 144 2818 1783 3077">
     <span class='ocr_line' id='line_1_39' title="bbox 179 2818 1783 2899; baseline -0.005 -16"><span class='ocrx_word' id='word_1_388' title='bbox 179 2825 365 2883; x_wconf 80' lang='lat' dir='ltr'><strong>Humiliamini</strong></span> <span class='ocrx_word' id='word_1_389' title='bbox 378 2826 425 2881; x_wconf 84' lang='lat' dir='ltr'><strong>rai</strong></span> <span class='ocrx_word' id='word_1_390' title='bbox 439 2827 538 2899; x_wconf 83' lang='lat' dir='ltr'><strong>potrrrti</strong></span> <span class='ocrx_word' id='word_1_391' title='bbox 553 2843 633 2881; x_wconf 79' lang='lat' dir='ltr'><strong>mana</strong></span> <span class='ocrx_word' id='word_1_392' title='bbox 647 2825 707 2881; x_wconf 84' lang='lat' dir='ltr'><strong>Dei.</strong></span> <span class='ocrx_word' id='word_1_393' title='bbox 720 2825 810 2891; x_wconf 84' lang='lat' dir='ltr'><strong>idest,</strong></span> <span class='ocrx_word' id='word_1_394' title='bbox 826 2825 878 2880; x_wconf 90' lang='lat' dir='ltr'><strong>sub</strong></span> <span class='ocrx_word' id='word_1_395' title='bbox 888 2840 937 2896; x_wconf 89' lang='lat' dir='ltr'><strong>po-</strong></span> <span class='ocrx_word' id='word_1_396' title='bbox 988 2848 998 2881; x_wconf 78' lang='lat'><strong>«</strong></span> <span class='ocrx_word' id='word_1_397' title='bbox 1020 2826 1135 2883; x_wconf 88' lang='lat' dir='ltr'><strong>tentiam</strong></span> <span class='ocrx_word' id='word_1_398' title='bbox 1149 2832 1255 2894; x_wconf 79' lang='lat' dir='ltr'><strong>egerite,</strong></span> <span class='ocrx_word' id='word_1_399' title='bbox 1267 2837 1348 2893; x_wconf 89' lang='lat' dir='ltr'><strong>quam</strong></span> <span class='ocrx_word' id='word_1_400' title='bbox 1367 2836 1449 2891; x_wconf 89' lang='lat' dir='ltr'><strong>super</strong></span> <span class='ocrx_word' id='word_1_401' title='bbox 1466 2821 1613 2892; x_wconf 72' lang='lat' dir='ltr'><strong>nonaginta</strong></span> <span class='ocrx_word' id='word_1_402' title='bbox 1628 2832 1729 2876; x_wconf 85' lang='lat' dir='ltr'><strong>norem</strong></span> <span class='ocrx_word' id='word_1_403' title='bbox 1740 2818 1783 2889; x_wconf 82' lang='lat' dir='ltr'><strong>in·</strong></span> 
     </span>
     <span class='ocr_line' id='line_1_40' title="bbox 144 2912 1783 2988; baseline -0.004 -13"><span class='ocrx_word' id='word_1_404' title='bbox 144 2925 242 2975; x_wconf 85' lang='lat' dir='ltr'><strong>testate</strong></span> <span class='ocrx_word' id='word_1_405' title='bbox 259 2915 317 2982; x_wconf 84' lang='lat' dir='ltr'><strong>bet,</strong></span> <span class='ocrx_word' id='word_1_406' title='bbox 332 2932 429 2971; x_wconf 82' lang='lat' dir='ltr'><strong>uranus</strong></span> <span class='ocrx_word' id='word_1_407' title='bbox 442 2916 515 2973; x_wconf 82' lang='lat' dir='ltr'><strong>errim</strong></span> <span class='ocrx_word' id='word_1_408' title='bbox 527 2917 575 2973; x_wconf 85' lang='lat' dir='ltr'><strong>Dei</strong></span> <span class='ocrx_word' id='word_1_409' title='bbox 587 2926 614 2972; x_wconf 91' lang='lat' dir='ltr'><strong>et</strong></span> <span class='ocrx_word' id='word_1_410' title='bbox 628 2916 699 2972; x_wconf 86' lang='lat' dir='ltr'><strong>trtius</strong></span> <span class='ocrx_word' id='word_1_411' title='bbox 711 2924 737 2972; x_wconf 89' lang='lat' dir='ltr'><strong>et</strong></span> <span class='ocrx_word' id='word_1_412' title='bbox 750 2923 870 2986; x_wconf 86' lang='lat' dir='ltr'><strong>potestas</strong></span> <span class='ocrx_word' id='word_1_413' title='bbox 879 2913 938 2984; x_wconf 81' lang='lat' dir='ltr'><strong>eius</strong></span> <span class='ocrx_word' id='word_1_414' title='bbox 989 2940 999 2973; x_wconf 82' lang='lat' dir='ltr'><strong>r</strong></span> <span class='ocrx_word' id='word_1_415' title='bbox 1019 2920 1080 2984; x_wconf 84' lang='lat' dir='ltr'><strong>stis,</strong></span> <span class='ocrx_word' id='word_1_416' title='bbox 1095 2917 1141 2988; x_wconf 90' lang='lat' dir='ltr'><strong>qui</strong></span> <span class='ocrx_word' id='word_1_417' title='bbox 1156 2932 1210 2971; x_wconf 90' lang='lat' dir='ltr'><strong>nou</strong></span> <span class='ocrx_word' id='word_1_418' title='bbox 1227 2914 1348 2986; x_wconf 88' lang='lat' dir='ltr'><strong>indigent</strong></span> <span class='ocrx_word' id='word_1_419' title='bbox 1360 2914 1528 2983; x_wconf 82' lang='lat' dir='ltr'><strong>porrttenaa.</strong></span> <span class='ocrx_word' id='word_1_420' title='bbox 1548 2912 1603 2967; x_wconf 81' lang='lat' dir='ltr'><strong>iliu</strong></span> <span class='ocrx_word' id='word_1_421' title='bbox 1613 2926 1675 2983; x_wconf 81' lang='lat' dir='ltr'><strong>quae</strong></span> <span class='ocrx_word' id='word_1_422' title='bbox 1686 2912 1783 2969; x_wconf 85' lang='lat' dir='ltr'><strong>mulier</strong></span> 
     </span>
     <span class='ocr_line' id='line_1_41' title="bbox 144 3002 1783 3077; baseline -0.003 -14"><span class='ocrx_word' id='word_1_423' title='bbox 144 3006 312 3077; x_wconf 80' lang='lat' dir='ltr'><strong>intelligitur.</strong></span> <span class='ocrx_word' id='word_1_424' title='bbox 333 3005 418 3061; x_wconf 88' lang='lat' dir='ltr'><strong>Filius</strong></span> <span class='ocrx_word' id='word_1_425' title='bbox 436 3006 482 3061; x_wconf 93' lang='lat' dir='ltr'><strong>ubi</strong></span> <span class='ocrx_word' id='word_1_426' title='bbox 502 3005 540 3060; x_wconf 89' lang='lat' dir='ltr'><strong>ait</strong></span> <span class='ocrx_word' id='word_1_427' title='bbox 555 3022 562 3058; x_wconf 75' lang='grc' dir='ltr'><strong>ε</strong></span> <span class='ocrx_word' id='word_1_428' title='bbox 577 3004 676 3059; x_wconf 79' lang='lat' dir='ltr'><strong>Enritte</strong></span> <span class='ocrx_word' id='word_1_429' title='bbox 692 3021 799 3059; x_wconf 76' lang='lat' dir='ltr'><strong>marrim</strong></span> <span class='ocrx_word' id='word_1_430' title='bbox 817 3015 889 3059; x_wconf 82' lang='lat' dir='ltr'><strong>taam</strong></span> <span class='ocrx_word' id='word_1_431' title='bbox 904 3005 937 3059; x_wconf 80' lang='lat' dir='ltr'><strong>iia</strong></span> <span class='ocrx_word' id='word_1_432' title='bbox 991 3028 1000 3060; x_wconf 79' lang='lat' dir='ltr'><strong>r</strong></span> <span class='ocrx_word' id='word_1_433' title='bbox 1023 3009 1127 3065; x_wconf 78' lang='lat' dir='ltr'><strong>babens</strong></span> <span class='ocrx_word' id='word_1_434' title='bbox 1142 3006 1269 3076; x_wconf 76' lang='lat' dir='ltr'><strong>dragmas</strong></span> <span class='ocrx_word' id='word_1_435' title='bbox 1292 3006 1400 3069; x_wconf 87' lang='lat' dir='ltr'><strong>decem,</strong></span> <span class='ocrx_word' id='word_1_436' title='bbox 1427 3004 1451 3059; x_wconf 89' lang='lat' dir='ltr'><strong>si</strong></span> <span class='ocrx_word' id='word_1_437' title='bbox 1472 3002 1621 3074; x_wconf 86' lang='lat' dir='ltr'><strong>perdiderit</strong></span> <span class='ocrx_word' id='word_1_438' title='bbox 1642 3002 1783 3076; x_wconf 79' lang='lat' dir='ltr'><strong>dragmam</strong></span> 
     </span>
    </p>
   </div>
   <div class='ocr_carea' id='block_1_10' title="bbox 986 2458 1778 2627">
    <p class='ocr_par' dir='ltr' id='par_1_15' title="bbox 986 2458 1778 2627">
     <span class='ocr_line' id='line_1_42' title="bbox 986 2458 1777 2527; baseline -0.006 -7"><span class='ocrx_word' id='word_1_439' title='bbox 986 2489 995 2520; x_wconf 79' lang='lat' dir='ltr'><strong>r</strong></span> <span class='ocrx_word' id='word_1_440' title='bbox 1017 2469 1084 2523; x_wconf 92' lang='lat' dir='ltr'><strong>deus</strong></span> <span class='ocrx_word' id='word_1_441' title='bbox 1097 2473 1126 2521; x_wconf 92' lang='grc' dir='ltr'><strong>ει</strong></span> <span class='ocrx_word' id='word_1_442' title='bbox 1139 2465 1251 2520; x_wconf 84' lang='lat' dir='ltr'><strong>veniens</strong></span> <span class='ocrx_word' id='word_1_443' title='bbox 1265 2464 1391 2527; x_wconf 78' lang='lat' dir='ltr'><strong>donnum,</strong></span> <span class='ocrx_word' id='word_1_444' title='bbox 1407 2466 1539 2516; x_wconf 82' lang='lat' dir='ltr'><strong>convocat</strong></span> <span class='ocrx_word' id='word_1_445' title='bbox 1552 2458 1657 2515; x_wconf 85' lang='lat' dir='ltr'><strong>amieos</strong></span> <span class='ocrx_word' id='word_1_446' title='bbox 1668 2466 1699 2515; x_wconf 87' lang='lat' dir='ltr'><strong>et</strong></span> <span class='ocrx_word' id='word_1_447' title='bbox 1711 2458 1777 2515; x_wconf 86' lang='lat' dir='ltr'><strong>ricl-</strong></span> 
     </span>
     <span class='ocr_line' id='line_1_43' title="bbox 987 2543 1778 2627; baseline -0.004 -17"><span class='ocrx_word' id='word_1_448' title='bbox 987 2576 997 2610; x_wconf 80' lang='grc' dir='ltr'><strong>ι</strong></span> <span class='ocrx_word' id='word_1_449' title='bbox 1018 2573 1078 2626; x_wconf 84' lang='grc' dir='ltr'><strong>ιιοε,</strong></span> <span class='ocrx_word' id='word_1_450' title='bbox 1087 2558 1181 2613; x_wconf 85' lang='lat' dir='ltr'><strong>dicens</strong></span> <span class='ocrx_word' id='word_1_451' title='bbox 1196 2543 1267 2611; x_wconf 84' lang='lat' dir='ltr'><strong>ttlts&#39;:</strong></span> <span class='ocrx_word' id='word_1_452' title='bbox 1280 2553 1511 2627; x_wconf 85' lang='lat' dir='ltr'><strong>Cougratulamini</strong></span> <span class='ocrx_word' id='word_1_453' title='bbox 1523 2551 1599 2617; x_wconf 88' lang='lat' dir='ltr'><strong>milti,</strong></span> <span class='ocrx_word' id='word_1_454' title='bbox 1613 2552 1679 2623; x_wconf 76' lang='lat' dir='ltr'><strong>qnia</strong></span> <span class='ocrx_word' id='word_1_455' title='bbox 1689 2550 1778 2607; x_wconf 81' lang='lat' dir='ltr'><strong>inveni</strong></span> 
     </span>
    </p>
   </div>
   <div class='ocr_carea' id='block_1_11' title="bbox 145 3069 1787 3351">
    <p class='ocr_par' dir='ltr' id='par_1_16' title="bbox 145 3069 1787 3351">
     <span class='ocr_line' id='line_1_44' title="bbox 145 3069 1784 3166; baseline 0 -16"><span class='ocrx_word' id='word_1_456' title='bbox 145 3096 213 3161; x_wconf 87' lang='lat' dir='ltr'><strong>alta,</strong></span> <span class='ocrx_word' id='word_1_457' title='bbox 231 3097 301 3166; x_wconf 86' lang='lat' dir='ltr'><strong>eripe</strong></span> <span class='ocrx_word' id='word_1_458' title='bbox 319 3112 359 3150; x_wconf 87' lang='lat' dir='ltr'><strong>me</strong></span> <span class='ocrx_word' id='word_1_459' title='bbox 374 3106 398 3149; x_wconf 87' lang='lat' dir='ltr'><strong>et</strong></span> <span class='ocrx_word' id='word_1_460' title='bbox 417 3095 499 3149; x_wconf 82' lang='lat' dir='ltr'><strong>libera</strong></span> <span class='ocrx_word' id='word_1_461' title='bbox 516 3111 566 3148; x_wconf 86' lang='lat' dir='ltr'><strong>me.</strong></span> <span class='ocrx_word' id='word_1_462' title='bbox 585 3093 710 3149; x_wconf 85' lang='lat' dir='ltr'><strong>Potestas</strong></span> <span class='ocrx_word' id='word_1_463' title='bbox 728 3094 773 3149; x_wconf 92' lang='lat' dir='ltr'><strong>ubi</strong></span> <span class='ocrx_word' id='word_1_464' title='bbox 791 3093 857 3150; x_wconf 88' lang='lat' dir='ltr'><strong>dicit</strong></span> <span class='ocrx_word' id='word_1_465' title='bbox 879 3113 886 3149; x_wconf 74' lang='grc' dir='ltr'><strong>ε</strong></span> <span class='ocrx_word' id='word_1_466' title='bbox 904 3069 1000 3151; x_wconf 73' lang='lat' dir='ltr'><strong>lac«</strong></span> <span class='ocrx_word' id='word_1_467' title='bbox 1021 3113 1113 3162; x_wconf 89' lang='lat' dir='ltr'><strong>uuam,</strong></span> <span class='ocrx_word' id='word_1_468' title='bbox 1127 3111 1217 3153; x_wconf 90' lang='lat' dir='ltr'><strong>nonne</strong></span> <span class='ocrx_word' id='word_1_469' title='bbox 1233 3095 1357 3151; x_wconf 86' lang='lat' dir='ltr'><strong>accendit</strong></span> <span class='ocrx_word' id='word_1_470' title='bbox 1368 3095 1505 3150; x_wconf 89' lang='lat' dir='ltr'><strong>lucernam</strong></span> <span class='ocrx_word' id='word_1_471' title='bbox 1516 3095 1784 3161; x_wconf 73' lang='lat' dir='ltr'><strong>etercnitdmnnnt,</strong></span> 
     </span>
     <span class='ocr_line' id='line_1_45' title="bbox 145 3186 1785 3258; baseline 0.001 -17"><span class='ocrx_word' id='word_1_472' title='bbox 145 3203 239 3241; x_wconf 75' lang='lat' dir='ltr'><strong>orarias</strong></span> <span class='ocrx_word' id='word_1_473' title='bbox 253 3196 311 3240; x_wconf 81' lang='lat' dir='ltr'><strong>taus</strong></span> <span class='ocrx_word' id='word_1_474' title='bbox 322 3186 474 3241; x_wconf 72' lang='lat' dir='ltr'><strong>somniando</strong></span> <span class='ocrx_word' id='word_1_475' title='bbox 487 3187 607 3257; x_wconf 80' lang='lat' dir='ltr'><strong>spiritam</strong></span> <span class='ocrx_word' id='word_1_476' title='bbox 620 3202 717 3249; x_wconf 80' lang='lat' dir='ltr'><strong>nisam,</strong></span> <span class='ocrx_word' id='word_1_477' title='bbox 731 3195 759 3241; x_wconf 90' lang='lat' dir='ltr'><strong>ct</strong></span> <span class='ocrx_word' id='word_1_478' title='bbox 774 3186 884 3241; x_wconf 85' lang='lat' dir='ltr'><strong>similia.</strong></span> <span class='ocrx_word' id='word_1_479' title='bbox 990 3207 1000 3239; x_wconf 80' lang='lat' dir='ltr'><strong>r</strong></span> <span class='ocrx_word' id='word_1_480' title='bbox 1022 3196 1050 3243; x_wconf 93' lang='lat' dir='ltr'><strong>et</strong></span> <span class='ocrx_word' id='word_1_481' title='bbox 1061 3187 1157 3258; x_wconf 81' lang='lat' dir='ltr'><strong>quarit</strong></span> <span class='ocrx_word' id='word_1_482' title='bbox 1173 3186 1326 3258; x_wconf 88' lang='lat' dir='ltr'><strong>diligenter,</strong></span> <span class='ocrx_word' id='word_1_483' title='bbox 1341 3186 1426 3241; x_wconf 89' lang='lat' dir='ltr'><strong>donec</strong></span> <span class='ocrx_word' id='word_1_484' title='bbox 1441 3187 1570 3243; x_wconf 84' lang='lat' dir='ltr'><strong>inveniat.</strong></span> <span class='ocrx_word' id='word_1_485' title='bbox 1583 3186 1618 3241; x_wconf 86' lang='lat' dir='ltr'><strong>lit</strong></span> <span class='ocrx_word' id='word_1_486' title='bbox 1632 3202 1697 3243; x_wconf 85' lang='lat' dir='ltr'><strong>curn</strong></span> <span class='ocrx_word' id='word_1_487' title='bbox 1711 3187 1785 3243; x_wconf 85' lang='lat' dir='ltr'><strong>inre·</strong></span> 
     </span>
     <span class='ocr_line' id='line_1_46' title="bbox 183 3276 1787 3351; baseline 0.001 -19"><span class='ocrx_word' id='word_1_488' title='bbox 183 3277 216 3332; x_wconf 85' lang='lat' dir='ltr'><strong>iit</strong></span> <span class='ocrx_word' id='word_1_489' title='bbox 231 3295 274 3333; x_wconf 80' lang='lat' dir='ltr'><strong>cos</strong></span> <span class='ocrx_word' id='word_1_490' title='bbox 284 3278 389 3334; x_wconf 73' lang='lat' dir='ltr'><strong>enolto.</strong></span> <span class='ocrx_word' id='word_1_491' title='bbox 402 3277 496 3335; x_wconf 89' lang='lat' dir='ltr'><strong>Omnis</strong></span> <span class='ocrx_word' id='word_1_492' title='bbox 508 3279 582 3334; x_wconf 92' lang='lat' dir='ltr'><strong>euim</strong></span> <span class='ocrx_word' id='word_1_493' title='bbox 595 3279 633 3333; x_wconf 86' lang='lat' dir='ltr'><strong>ait</strong></span> <span class='ocrx_word' id='word_1_494' title='bbox 643 3278 817 3349; x_wconf 74' lang='lat' dir='ltr'><strong>Et&#39;angelium</strong></span> <span class='ocrx_word' id='word_1_495' title='bbox 830 3297 837 3333; x_wconf 77' lang='grc' dir='ltr'><strong>ι</strong></span> <span class='ocrx_word' id='word_1_496' title='bbox 849 3278 901 3345; x_wconf 85' lang='lat' dir='ltr'><strong>Qai</strong></span> <span class='ocrx_word' id='word_1_497' title='bbox 911 3296 938 3335; x_wconf 80' lang='lat' dir='ltr'><strong>se</strong></span> <span class='ocrx_word' id='word_1_498' title='bbox 991 3302 1000 3332; x_wconf 81' lang='grc' dir='ltr'><strong>ι</strong></span> <span class='ocrx_word' id='word_1_499' title='bbox 1022 3279 1105 3344; x_wconf 87' lang='lat' dir='ltr'><strong>uerit,</strong></span> <span class='ocrx_word' id='word_1_500' title='bbox 1120 3285 1252 3333; x_wconf 82' lang='lat' dir='ltr'><strong>conrocat</strong></span> <span class='ocrx_word' id='word_1_501' title='bbox 1265 3278 1368 3333; x_wconf 87' lang='lat' dir='ltr'><strong>amicas</strong></span> <span class='ocrx_word' id='word_1_502' title='bbox 1379 3285 1406 3333; x_wconf 87' lang='lat' dir='ltr'><strong>et</strong></span> <span class='ocrx_word' id='word_1_503' title='bbox 1417 3277 1521 3332; x_wconf 79' lang='lat' dir='ltr'><strong>vicinas</strong></span> <span class='ocrx_word' id='word_1_504' title='bbox 1535 3277 1649 3333; x_wconf 83' lang='lat' dir='ltr'><strong>dicens:</strong></span> <span class='ocrx_word' id='word_1_505' title='bbox 1664 3276 1787 3351; x_wconf 75' lang='lat' dir='ltr'><strong>Congre-</strong></span> 
     </span>
    </p>
   </div>
   <div class='ocr_carea' id='block_1_12' title="bbox 146 3367 1822 5713">
    <p class='ocr_par' dir='ltr' id='par_1_17' title="bbox 146 3367 1822 5713">
     <span class='ocr_line' id='line_1_47' title="bbox 146 3367 464 3434; baseline 0.003 -11"><span class='ocrx_word' id='word_1_506' title='bbox 146 3367 278 3434; x_wconf 80' lang='lat' dir='ltr'><strong>laatttt&#39;iiat,</strong></span> <span class='ocrx_word' id='word_1_507' title='bbox 294 3368 464 3424; x_wconf 75' lang='lat' dir='ltr'><strong>exaitabitur.</strong></span> 
     </span>
     <span class='ocr_line' id='line_1_48' title="bbox 180 3455 1788 3531; baseline -0.001 -16"><span class='ocrx_word' id='word_1_508' title='bbox 180 3458 216 3515; x_wconf 84' lang='lat' dir='ltr'><strong>ia</strong></span> <span class='ocrx_word' id='word_1_509' title='bbox 229 3469 342 3531; x_wconf 87' lang='lat' dir='ltr'><strong>tempora</strong></span> <span class='ocrx_word' id='word_1_510' title='bbox 352 3460 518 3517; x_wconf 77' lang='lat' dir='ltr'><strong>visitationis.</strong></span> <span class='ocrx_word' id='word_1_511' title='bbox 533 3459 626 3526; x_wconf 90' lang='lat' dir='ltr'><strong>idest,</strong></span> <span class='ocrx_word' id='word_1_512' title='bbox 641 3459 669 3515; x_wconf 91' lang='lat' dir='ltr'><strong>in</strong></span> <span class='ocrx_word' id='word_1_513' title='bbox 682 3459 725 3517; x_wconf 93' lang='lat' dir='ltr'><strong>die</strong></span> <span class='ocrx_word' id='word_1_514' title='bbox 734 3460 840 3529; x_wconf 79' lang='lat' dir='ltr'><strong>judicii.</strong></span> <span class='ocrx_word' id='word_1_515' title='bbox 992 3479 1002 3512; x_wconf 78' lang='lat' dir='ltr'><strong>a</strong></span> <span class='ocrx_word' id='word_1_516' title='bbox 1025 3460 1127 3517; x_wconf 83' lang='lat' dir='ltr'><strong>deram.</strong></span> <span class='ocrx_word' id='word_1_517' title='bbox 1142 3457 1182 3513; x_wconf 84' lang='lat' dir='ltr'><strong>lta</strong></span> <span class='ocrx_word' id='word_1_518' title='bbox 1196 3457 1257 3513; x_wconf 91' lang='lat' dir='ltr'><strong>dico</strong></span> <span class='ocrx_word' id='word_1_519' title='bbox 1270 3457 1363 3522; x_wconf 80' lang='lat' dir='ltr'><strong>robis,</strong></span> <span class='ocrx_word' id='word_1_520' title='bbox 1375 3456 1503 3529; x_wconf 90' lang='lat' dir='ltr'><strong>gaudium</strong></span> <span class='ocrx_word' id='word_1_521' title='bbox 1517 3457 1571 3512; x_wconf 87' lang='lat' dir='ltr'><strong>erit</strong></span> <span class='ocrx_word' id='word_1_522' title='bbox 1581 3455 1610 3511; x_wconf 91' lang='lat' dir='ltr'><strong>iu</strong></span> <span class='ocrx_word' id='word_1_523' title='bbox 1619 3456 1692 3514; x_wconf 78' lang='lat' dir='ltr'><strong>caelo</strong></span> <span class='ocrx_word' id='word_1_524' title='bbox 1704 3470 1788 3529; x_wconf 80' lang='lat' dir='ltr'><strong>saper</strong></span> 
     </span>
     <span class='ocr_line' id='line_1_49' title="bbox 183 3546 1583 3619; baseline -0.003 -15"><span class='ocrx_word' id='word_1_525' title='bbox 183 3546 293 3605; x_wconf 85' lang='lat' dir='ltr'><strong>Omnem</strong></span> <span class='ocrx_word' id='word_1_526' title='bbox 310 3549 512 3607; x_wconf 75' lang='lat' dir='ltr'><strong>sollicitudinem</strong></span> <span class='ocrx_word' id='word_1_527' title='bbox 529 3561 649 3615; x_wconf 81' lang='lat' dir='ltr'><strong>uestram,</strong></span> <span class='ocrx_word' id='word_1_528' title='bbox 663 3559 716 3608; x_wconf 85' lang='lat' dir='ltr'><strong>etc.</strong></span> <span class='ocrx_word' id='word_1_529' title='bbox 732 3551 767 3609; x_wconf 89' lang='lat' dir='ltr'><strong>lit</strong></span> <span class='ocrx_word' id='word_1_530' title='bbox 778 3553 813 3609; x_wconf 88' lang='lat' dir='ltr'><strong>ab</strong></span> <span class='ocrx_word' id='word_1_531' title='bbox 827 3567 861 3608; x_wconf 93' lang='lat' dir='ltr'><strong>eo</strong></span> <span class='ocrx_word' id='word_1_532' title='bbox 872 3553 939 3608; x_wconf 90' lang='lat' dir='ltr'><strong>edu·</strong></span> <span class='ocrx_word' id='word_1_533' title='bbox 993 3567 1002 3602; x_wconf 77' lang='grc' dir='ltr'><strong>ι</strong></span> <span class='ocrx_word' id='word_1_534' title='bbox 1024 3564 1078 3604; x_wconf 89' lang='lat' dir='ltr'><strong>uno</strong></span> <span class='ocrx_word' id='word_1_535' title='bbox 1088 3556 1230 3619; x_wconf 88' lang='lat' dir='ltr'><strong>peccatore</strong></span> <span class='ocrx_word' id='word_1_536' title='bbox 1242 3548 1431 3618; x_wconf 87' lang='lat' dir='ltr'><strong>poeniteutium</strong></span> <span class='ocrx_word' id='word_1_537' title='bbox 1445 3556 1553 3617; x_wconf 86' lang='lat' dir='ltr'><strong>agento.</strong></span> <span class='ocrx_word' id='word_1_538' title='bbox 1572 3565 1583 3600; x_wconf 83' lang='lat' dir='ltr'><strong>r</strong></span> 
     </span>
     <span class='ocr_line' id='line_1_50' title="bbox 148 3637 1788 3713; baseline 0.001 -17"><span class='ocrx_word' id='word_1_539' title='bbox 148 3640 219 3705; x_wconf 88' lang='lat' dir='ltr'><strong>cati,</strong></span> <span class='ocrx_word' id='word_1_540' title='bbox 245 3640 363 3696; x_wconf 90' lang='lat' dir='ltr'><strong>inimicis</strong></span> <span class='ocrx_word' id='word_1_541' title='bbox 384 3639 492 3697; x_wconf 81' lang='lat' dir='ltr'><strong>sortitor</strong></span> <span class='ocrx_word' id='word_1_542' title='bbox 516 3642 644 3697; x_wconf 85' lang='lat' dir='ltr'><strong>resistere</strong></span> <span class='ocrx_word' id='word_1_543' title='bbox 664 3642 787 3697; x_wconf 86' lang='lat' dir='ltr'><strong>valeatis.</strong></span> <span class='ocrx_word' id='word_1_544' title='bbox 809 3643 888 3699; x_wconf 77' lang='lat' dir='ltr'><strong>iana</strong></span> <span class='ocrx_word' id='word_1_545' title='bbox 912 3644 940 3699; x_wconf 79' lang='lat' dir='ltr'><strong>ia</strong></span> <span class='ocrx_word' id='word_1_546' title='bbox 1025 3641 1111 3696; x_wconf 81' lang='lat' dir='ltr'><strong>Erant</strong></span> <span class='ocrx_word' id='word_1_547' title='bbox 1127 3641 1365 3712; x_wconf 68' lang='lat' dir='ltr'><strong>appropinquantes</strong></span> <span class='ocrx_word' id='word_1_548' title='bbox 1379 3638 1413 3695; x_wconf 74' lang='lat' dir='ltr'><strong>ai</strong></span> <span class='ocrx_word' id='word_1_549' title='bbox 1426 3637 1518 3694; x_wconf 74' lang='lat' dir='ltr'><strong>ictam</strong></span> <span class='ocrx_word' id='word_1_550' title='bbox 1535 3638 1671 3711; x_wconf 83' lang='lat' dir='ltr'><strong>pellicani</strong></span> <span class='ocrx_word' id='word_1_551' title='bbox 1685 3646 1712 3697; x_wconf 80' lang='lat' dir='ltr'><strong>tt</strong></span> <span class='ocrx_word' id='word_1_552' title='bbox 1727 3656 1788 3713; x_wconf 76' lang='lat' dir='ltr'><strong>psa·</strong></span> 
     </span>
     <span class='ocr_line' id='line_1_51' title="bbox 147 3728 1791 3805; baseline 0.002 -20"><span class='ocrx_word' id='word_1_553' title='bbox 147 3732 242 3798; x_wconf 80' lang='lat' dir='ltr'><strong>Denta,</strong></span> <span class='ocrx_word' id='word_1_554' title='bbox 255 3733 293 3787; x_wconf 88' lang='lat' dir='ltr'><strong>ait</strong></span> <span class='ocrx_word' id='word_1_555' title='bbox 307 3731 461 3799; x_wconf 88' lang='lat' dir='ltr'><strong>Psalmista,</strong></span> <span class='ocrx_word' id='word_1_556' title='bbox 472 3749 563 3787; x_wconf 87' lang='lat' dir='ltr'><strong>caram</strong></span> <span class='ocrx_word' id='word_1_557' title='bbox 575 3744 659 3798; x_wconf 85' lang='lat' dir='ltr'><strong>taam,</strong></span> <span class='ocrx_word' id='word_1_558' title='bbox 672 3742 697 3789; x_wconf 86' lang='lat' dir='ltr'><strong>at</strong></span> <span class='ocrx_word' id='word_1_559' title='bbox 711 3734 765 3805; x_wconf 79' lang='lat' dir='ltr'><strong>ipse</strong></span> <span class='ocrx_word' id='word_1_560' title='bbox 780 3744 805 3790; x_wconf 87' lang='lat' dir='ltr'><strong>te</strong></span> <span class='ocrx_word' id='word_1_561' title='bbox 818 3735 939 3791; x_wconf 72' lang='grc' dir='ltr'><strong>ειιιιιιίιι.</strong></span> <span class='ocrx_word' id='word_1_562' title='bbox 991 3741 1103 3797; x_wconf 73' lang='lat' dir='ltr'><strong>catana,</strong></span> <span class='ocrx_word' id='word_1_563' title='bbox 1118 3738 1170 3788; x_wconf 81' lang='lat' dir='ltr'><strong>cic.</strong></span> <span class='ocrx_word' id='word_1_564' title='bbox 1186 3729 1254 3798; x_wconf 75' lang='lat' dir='ltr'><strong>Onia</strong></span> <span class='ocrx_word' id='word_1_565' title='bbox 1269 3747 1323 3787; x_wconf 88' lang='lat' dir='ltr'><strong>nott</strong></span> <span class='ocrx_word' id='word_1_566' title='bbox 1332 3730 1421 3788; x_wconf 84' lang='lat' dir='ltr'><strong>solum</strong></span> <span class='ocrx_word' id='word_1_567' title='bbox 1429 3728 1521 3800; x_wconf 82' lang='lat' dir='ltr'><strong>justus</strong></span> <span class='ocrx_word' id='word_1_568' title='bbox 1532 3744 1706 3803; x_wconf 74' lang='lat' dir='ltr'><strong>peccarnpar</strong></span> <span class='ocrx_word' id='word_1_569' title='bbox 1715 3732 1791 3789; x_wconf 67' lang='lat' dir='ltr'><strong>inse</strong></span> 
     </span>
     <span class='ocr_line' id='line_1_52' title="bbox 185 3821 1788 3897; baseline 0.003 -23"><span class='ocrx_word' id='word_1_570' title='bbox 185 3821 316 3888; x_wconf 84' lang='lat' dir='ltr'><strong>Quoniam</strong></span> <span class='ocrx_word' id='word_1_571' title='bbox 331 3821 381 3892; x_wconf 83' lang='lat' dir='ltr'><strong>ipsi</strong></span> <span class='ocrx_word' id='word_1_572' title='bbox 393 3838 457 3876; x_wconf 88' lang='lat' dir='ltr'><strong>cara</strong></span> <span class='ocrx_word' id='word_1_573' title='bbox 466 3833 503 3877; x_wconf 81' lang='lat' dir='ltr'><strong>est</strong></span> <span class='ocrx_word' id='word_1_574' title='bbox 515 3822 547 3877; x_wconf 82' lang='lat' dir='ltr'><strong>de</strong></span> <span class='ocrx_word' id='word_1_575' title='bbox 562 3823 643 3878; x_wconf 81' lang='lat' dir='ltr'><strong>rabis.</strong></span> <span class='ocrx_word' id='word_1_576' title='bbox 662 3823 739 3880; x_wconf 86' lang='lat' dir='ltr'><strong>Oculi</strong></span> <span class='ocrx_word' id='word_1_577' title='bbox 749 3824 822 3880; x_wconf 89' lang='lat' dir='ltr'><strong>euim</strong></span> <span class='ocrx_word' id='word_1_578' title='bbox 834 3824 941 3881; x_wconf 81' lang='lat' dir='ltr'><strong>Domim</strong></span> <span class='ocrx_word' id='word_1_579' title='bbox 991 3826 1072 3889; x_wconf 82' lang='lat' dir='ltr'><strong>tiam,</strong></span> <span class='ocrx_word' id='word_1_580' title='bbox 1087 3822 1135 3881; x_wconf 80' lang='lat' dir='ltr'><strong>scd</strong></span> <span class='ocrx_word' id='word_1_581' title='bbox 1152 3832 1179 3879; x_wconf 86' lang='lat' dir='ltr'><strong>ct</strong></span> <span class='ocrx_word' id='word_1_582' title='bbox 1193 3832 1328 3894; x_wconf 83' lang='lat' dir='ltr'><strong>peccatur,</strong></span> <span class='ocrx_word' id='word_1_583' title='bbox 1344 3823 1505 3894; x_wconf 79' lang='lat' dir='ltr'><strong>resipiscere</strong></span> <span class='ocrx_word' id='word_1_584' title='bbox 1523 3838 1574 3894; x_wconf 87' lang='lat' dir='ltr'><strong>pet·</strong></span> <span class='ocrx_word' id='word_1_585' title='bbox 1586 3823 1728 3879; x_wconf 74' lang='lat' dir='ltr'><strong>solertiam</strong></span> <span class='ocrx_word' id='word_1_586' title='bbox 1739 3838 1788 3897; x_wconf 73' lang='lat' dir='ltr'><strong>pa-</strong></span> 
     </span>
     <span class='ocr_line' id='line_1_53' title="bbox 148 3910 1787 3986; baseline 0.002 -18"><span class='ocrx_word' id='word_1_587' title='bbox 148 3927 230 3983; x_wconf 88' lang='lat' dir='ltr'><strong>super</strong></span> <span class='ocrx_word' id='word_1_588' title='bbox 245 3910 333 3980; x_wconf 83' lang='lat' dir='ltr'><strong>justos</strong></span> <span class='ocrx_word' id='word_1_589' title='bbox 349 3920 471 3969; x_wconf 85' lang='lat' dir='ltr'><strong>etaurcs</strong></span> <span class='ocrx_word' id='word_1_590' title='bbox 488 3911 546 3982; x_wconf 82' lang='lat' dir='ltr'><strong>ejus</strong></span> <span class='ocrx_word' id='word_1_591' title='bbox 563 3913 597 3969; x_wconf 92' lang='lat' dir='ltr'><strong>ad</strong></span> <span class='ocrx_word' id='word_1_592' title='bbox 612 3928 708 3985; x_wconf 84' lang='lat' dir='ltr'><strong>preces</strong></span> <span class='ocrx_word' id='word_1_593' title='bbox 724 3929 834 3980; x_wconf 88' lang='lat' dir='ltr'><strong>eorum,</strong></span> <span class='ocrx_word' id='word_1_594' title='bbox 850 3915 942 3985; x_wconf 87' lang='lat' dir='ltr'><strong>etqui</strong></span> <span class='ocrx_word' id='word_1_595' title='bbox 991 3923 1062 3982; x_wconf 86' lang='lat' dir='ltr'><strong>test,</strong></span> <span class='ocrx_word' id='word_1_596' title='bbox 1083 3923 1226 3986; x_wconf 86' lang='lat' dir='ltr'><strong>postquam</strong></span> <span class='ocrx_word' id='word_1_597' title='bbox 1250 3914 1290 3971; x_wconf 86' lang='lat' dir='ltr'><strong>sal</strong></span> <span class='ocrx_word' id='word_1_598' title='bbox 1314 3912 1475 3970; x_wconf 77' lang='lat' dir='ltr'><strong>infatuatum</strong></span> <span class='ocrx_word' id='word_1_599' title='bbox 1498 3912 1573 3970; x_wconf 85' lang='lat' dir='ltr'><strong>ierat</strong></span> <span class='ocrx_word' id='word_1_600' title='bbox 1593 3914 1667 3970; x_wconf 90' lang='lat' dir='ltr'><strong>mitti</strong></span> <span class='ocrx_word' id='word_1_601' title='bbox 1686 3913 1787 3972; x_wconf 78' lang='lat' dir='ltr'><strong>debere</strong></span> 
     </span>
     <span class='ocr_line' id='line_1_54' title="bbox 149 4004 1786 4081; baseline 0.002 -22"><span class='ocrx_word' id='word_1_602' title='bbox 149 4004 236 4076; x_wconf 88' lang='lat' dir='ltr'><strong>tangit</strong></span> <span class='ocrx_word' id='word_1_603' title='bbox 249 4018 306 4069; x_wconf 90' lang='lat' dir='ltr'><strong>eos,</strong></span> <span class='ocrx_word' id='word_1_604' title='bbox 321 4004 399 4074; x_wconf 89' lang='lat' dir='ltr'><strong>quasi</strong></span> <span class='ocrx_word' id='word_1_605' title='bbox 413 4004 460 4076; x_wconf 88' lang='lat' dir='ltr'><strong>qui</strong></span> <span class='ocrx_word' id='word_1_606' title='bbox 474 4004 560 4077; x_wconf 89' lang='lat' dir='ltr'><strong>tangit</strong></span> <span class='ocrx_word' id='word_1_607' title='bbox 571 4004 700 4075; x_wconf 89' lang='lat' dir='ltr'><strong>pupillam</strong></span> <span class='ocrx_word' id='word_1_608' title='bbox 712 4004 783 4060; x_wconf 86' lang='lat' dir='ltr'><strong>oculi</strong></span> <span class='ocrx_word' id='word_1_609' title='bbox 795 4004 864 4076; x_wconf 80' lang='lat' dir='ltr'><strong>ejus.</strong></span> <span class='ocrx_word' id='word_1_610' title='bbox 991 4014 1132 4063; x_wconf 82' lang='lat' dir='ltr'><strong>narratum</strong></span> <span class='ocrx_word' id='word_1_611' title='bbox 1156 4014 1207 4072; x_wconf 88' lang='lat' dir='ltr'><strong>cst,</strong></span> <span class='ocrx_word' id='word_1_612' title='bbox 1230 4022 1294 4062; x_wconf 84' lang='lat' dir='ltr'><strong>mox</strong></span> <span class='ocrx_word' id='word_1_613' title='bbox 1312 4007 1491 4077; x_wconf 77' lang='lat' dir='ltr'><strong>penitentum</strong></span> <span class='ocrx_word' id='word_1_614' title='bbox 1516 4006 1616 4081; x_wconf 73' lang='lat' dir='ltr'><strong>cubent</strong></span> <span class='ocrx_word' id='word_1_615' title='bbox 1640 4006 1718 4063; x_wconf 82' lang='lat' dir='ltr'><strong>intur</strong></span> <span class='ocrx_word' id='word_1_616' title='bbox 1737 4007 1786 4063; x_wconf 78' lang='lat' dir='ltr'><strong>ad·</strong></span> 
     </span>
     <span class='ocr_line' id='line_1_55' title="bbox 185 4093 1785 4169; baseline 0.002 -17"><span class='ocrx_word' id='word_1_617' title='bbox 185 4094 273 4152; x_wconf 79' lang='lat' dir='ltr'><strong>Sobrii</strong></span> <span class='ocrx_word' id='word_1_618' title='bbox 294 4103 384 4150; x_wconf 78' lang='lat' dir='ltr'><strong>estote.</strong></span> <span class='ocrx_word' id='word_1_619' title='bbox 407 4093 436 4151; x_wconf 93' lang='lat' dir='ltr'><strong>ld</strong></span> <span class='ocrx_word' id='word_1_620' title='bbox 458 4103 516 4161; x_wconf 90' lang='lat' dir='ltr'><strong>est,</strong></span> <span class='ocrx_word' id='word_1_621' title='bbox 537 4095 695 4169; x_wconf 88' lang='lat' dir='ltr'><strong>temperati,</strong></span> <span class='ocrx_word' id='word_1_622' title='bbox 716 4096 849 4153; x_wconf 80' lang='lat' dir='ltr'><strong>sobrietas</strong></span> <span class='ocrx_word' id='word_1_623' title='bbox 868 4095 943 4155; x_wconf 84' lang='lat' dir='ltr'><strong>enim</strong></span> <span class='ocrx_word' id='word_1_624' title='bbox 992 4097 1086 4163; x_wconf 85' lang='lat' dir='ltr'><strong>missa,</strong></span> <span class='ocrx_word' id='word_1_625' title='bbox 1106 4095 1283 4161; x_wconf 85' lang='lat' dir='ltr'><strong>describitur,</strong></span> <span class='ocrx_word' id='word_1_626' title='bbox 1303 4096 1350 4167; x_wconf 93' lang='lat' dir='ltr'><strong>qui</strong></span> <span class='ocrx_word' id='word_1_627' title='bbox 1370 4096 1403 4152; x_wconf 89' lang='lat' dir='ltr'><strong>ad</strong></span> <span class='ocrx_word' id='word_1_628' title='bbox 1420 4096 1584 4153; x_wconf 89' lang='lat' dir='ltr'><strong>audiendum</strong></span> <span class='ocrx_word' id='word_1_629' title='bbox 1598 4096 1649 4155; x_wconf 78' lang='lat' dir='ltr'><strong>bet</strong></span> <span class='ocrx_word' id='word_1_630' title='bbox 1671 4098 1785 4155; x_wconf 73' lang='lat' dir='ltr'><strong>verbm</strong></span> 
     </span>
     <span class='ocr_line' id='line_1_56' title="bbox 149 4185 1786 4259; baseline 0 -14"><span class='ocrx_word' id='word_1_631' title='bbox 149 4187 326 4258; x_wconf 87' lang='lat' dir='ltr'><strong>temperantia</strong></span> <span class='ocrx_word' id='word_1_632' title='bbox 339 4185 506 4258; x_wconf 87' lang='lat' dir='ltr'><strong>intelligitur.</strong></span> <span class='ocrx_word' id='word_1_633' title='bbox 993 4187 1250 4259; x_wconf 80' lang='lat' dir='ltr'><strong>appropinquantes,</strong></span> <span class='ocrx_word' id='word_1_634' title='bbox 1269 4202 1323 4242; x_wconf 91' lang='lat' dir='ltr'><strong>non</strong></span> <span class='ocrx_word' id='word_1_635' title='bbox 1342 4187 1430 4243; x_wconf 85' lang='lat' dir='ltr'><strong>solum</strong></span> <span class='ocrx_word' id='word_1_636' title='bbox 1448 4188 1484 4242; x_wconf 84' lang='lat' dir='ltr'><strong>ad</strong></span> <span class='ocrx_word' id='word_1_637' title='bbox 1499 4186 1724 4258; x_wconf 86' lang='lat' dir='ltr'><strong>colloquendum,</strong></span> <span class='ocrx_word' id='word_1_638' title='bbox 1737 4186 1786 4245; x_wconf 76' lang='lat' dir='ltr'><strong>aad</strong></span> 
     </span>
     <span class='ocr_line' id='line_1_57' title="bbox 189 4276 1785 4351; baseline 0.002 -19"><span class='ocrx_word' id='word_1_639' title='bbox 189 4276 311 4351; x_wconf 80' lang='lat' dir='ltr'><strong>Vipilate.</strong></span> <span class='ocrx_word' id='word_1_640' title='bbox 333 4277 396 4334; x_wconf 78' lang='lat' dir='ltr'><strong>aar</strong></span> <span class='ocrx_word' id='word_1_641' title='bbox 415 4277 553 4348; x_wconf 85' lang='lat' dir='ltr'><strong>vigilantia</strong></span> <span class='ocrx_word' id='word_1_642' title='bbox 576 4279 724 4350; x_wconf 88' lang='lat' dir='ltr'><strong>spiritualis</strong></span> <span class='ocrx_word' id='word_1_643' title='bbox 747 4294 802 4336; x_wconf 93' lang='lat' dir='ltr'><strong>non</strong></span> <span class='ocrx_word' id='word_1_644' title='bbox 825 4280 943 4339; x_wconf 86' lang='lat' dir='ltr'><strong>carnalis</strong></span> <span class='ocrx_word' id='word_1_645' title='bbox 992 4279 1075 4336; x_wconf 89' lang='lat' dir='ltr'><strong>etiam</strong></span> <span class='ocrx_word' id='word_1_646' title='bbox 1094 4278 1129 4334; x_wconf 87' lang='lat' dir='ltr'><strong>ad</strong></span> <span class='ocrx_word' id='word_1_647' title='bbox 1146 4279 1364 4335; x_wconf 81' lang='lat' dir='ltr'><strong>muresecndum</strong></span> <span class='ocrx_word' id='word_1_648' title='bbox 1388 4278 1491 4348; x_wconf 86' lang='lat' dir='ltr'><strong>recepti</strong></span> <span class='ocrx_word' id='word_1_649' title='bbox 1514 4285 1589 4344; x_wconf 81' lang='lat' dir='ltr'><strong>stant,</strong></span> <span class='ocrx_word' id='word_1_650' title='bbox 1603 4278 1785 4349; x_wconf 83' lang='lat' dir='ltr'><strong>qarodrlden-</strong></span> 
     </span>
     <span class='ocr_line' id='line_1_58' title="bbox 151 4356 1787 4481; baseline 0.003 -59"><span class='ocrx_word' id='word_1_651' title='bbox 151 4367 319 4442; x_wconf 90' lang='lat' dir='ltr'><strong>intelligitur,</strong></span> <span class='ocrx_word' id='word_1_652' title='bbox 336 4385 388 4424; x_wconf 85' lang='lat' dir='ltr'><strong>noa</strong></span> <span class='ocrx_word' id='word_1_653' title='bbox 408 4378 447 4424; x_wconf 79' lang='lat' dir='ltr'><strong>est</strong></span> <span class='ocrx_word' id='word_1_654' title='bbox 461 4370 534 4425; x_wconf 81' lang='lat' dir='ltr'><strong>nobis</strong></span> <span class='ocrx_word' id='word_1_655' title='bbox 548 4369 714 4436; x_wconf 81' lang='lat' dir='ltr'><strong>cottaeraito,</strong></span> <span class='ocrx_word' id='word_1_656' title='bbox 727 4371 767 4426; x_wconf 92' lang='lat' dir='ltr'><strong>ait</strong></span> <span class='ocrx_word' id='word_1_657' title='bbox 780 4356 941 4442; x_wconf 74' lang='lat' dir='ltr'><strong>Apostolus,</strong></span> <span class='ocrx_word' id='word_1_658' title='bbox 954 4421 981 4481; x_wconf 72' lang='lat' dir='ltr'>D</span> <span class='ocrx_word' id='word_1_659' title='bbox 994 4379 1036 4428; x_wconf 88' lang='lat' dir='ltr'><strong>tes</strong></span> <span class='ocrx_word' id='word_1_660' title='bbox 1066 4368 1198 4426; x_wconf 73' lang='lat' dir='ltr'><strong>Pharisaei</strong></span> <span class='ocrx_word' id='word_1_661' title='bbox 1230 4369 1368 4439; x_wconf 84' lang='lat' dir='ltr'><strong>dedignati</strong></span> <span class='ocrx_word' id='word_1_662' title='bbox 1401 4380 1474 4436; x_wconf 87' lang='lat' dir='ltr'><strong>sant,</strong></span> <span class='ocrx_word' id='word_1_663' title='bbox 1488 4369 1551 4439; x_wconf 89' lang='lat' dir='ltr'><strong>quia</strong></span> <span class='ocrx_word' id='word_1_664' title='bbox 1584 4382 1652 4425; x_wconf 81' lang='lat' dir='ltr'><strong>ren</strong></span> <span class='ocrx_word' id='word_1_665' title='bbox 1680 4366 1787 4440; x_wconf 76' lang='lat' dir='ltr'><strong>inttltla</strong></span> 
     </span>
     <span class='ocr_line' id='line_1_59' title="bbox 150 4457 1787 4539; baseline 0.001 -26"><span class='ocrx_word' id='word_1_666' title='bbox 150 4461 275 4515; x_wconf 77' lang='lat' dir='ltr'><strong>adversar</strong></span> <span class='ocrx_word' id='word_1_667' title='bbox 288 4476 394 4514; x_wconf 68' lang='lat' dir='ltr'><strong>aarum</strong></span> <span class='ocrx_word' id='word_1_668' title='bbox 406 4469 430 4514; x_wconf 82' lang='lat' dir='ltr'><strong>ct</strong></span> <span class='ocrx_word' id='word_1_669' title='bbox 442 4463 613 4532; x_wconf 80' lang='lat' dir='ltr'><strong>sanguineae,</strong></span> <span class='ocrx_word' id='word_1_670' title='bbox 629 4462 676 4519; x_wconf 84' lang='lat' dir='ltr'><strong>aed</strong></span> <span class='ocrx_word' id='word_1_671' title='bbox 692 4463 818 4519; x_wconf 75' lang='lat' dir='ltr'><strong>aduersas</strong></span> <span class='ocrx_word' id='word_1_672' title='bbox 831 4465 937 4534; x_wconf 67' lang='lat' dir='ltr'><strong>anata-</strong></span> <span class='ocrx_word' id='word_1_673' title='bbox 995 4460 1210 4530; x_wconf 83' lang='lat' dir='ltr'><strong>compassionem</strong></span> <span class='ocrx_word' id='word_1_674' title='bbox 1245 4460 1347 4526; x_wconf 87' lang='lat' dir='ltr'><strong>babet,</strong></span> <span class='ocrx_word' id='word_1_675' title='bbox 1381 4458 1449 4515; x_wconf 86' lang='lat' dir='ltr'><strong>laisa</strong></span> <span class='ocrx_word' id='word_1_676' title='bbox 1480 4457 1589 4528; x_wconf 77' lang='lat' dir='ltr'><strong>insana</strong></span> <span class='ocrx_word' id='word_1_677' title='bbox 1614 4457 1787 4539; x_wconf 72' lang='lat' dir='ltr'><strong>dedignatio-</strong></span> 
     </span>
     <span class='ocr_line' id='line_1_60' title="bbox 151 4550 1787 4621; baseline 0 -14"><span class='ocrx_word' id='word_1_678' title='bbox 151 4552 188 4607; x_wconf 77' lang='grc' dir='ltr'><strong>ιιι</strong></span> <span class='ocrx_word' id='word_1_679' title='bbox 200 4550 339 4621; x_wconf 79' lang='lat' dir='ltr'><strong>nequitiae.</strong></span> <span class='ocrx_word' id='word_1_680' title='bbox 995 4567 1068 4618; x_wconf 87' lang='lat' dir='ltr'><strong>nem,</strong></span> <span class='ocrx_word' id='word_1_681' title='bbox 1091 4551 1216 4621; x_wconf 83' lang='lat' dir='ltr'><strong>quamvis</strong></span> <span class='ocrx_word' id='word_1_682' title='bbox 1236 4559 1265 4606; x_wconf 92' lang='grc' dir='ltr'><strong>ει</strong></span> <span class='ocrx_word' id='word_1_683' title='bbox 1281 4552 1349 4621; x_wconf 84' lang='lat' dir='ltr'><strong>justi</strong></span> <span class='ocrx_word' id='word_1_684' title='bbox 1371 4551 1476 4607; x_wconf 86' lang='lat' dir='ltr'><strong>soleant</strong></span> <span class='ocrx_word' id='word_1_685' title='bbox 1499 4558 1575 4607; x_wconf 81' lang='lat' dir='ltr'><strong>recte</strong></span> <span class='ocrx_word' id='word_1_686' title='bbox 1595 4550 1787 4621; x_wconf 63' lang='lat' dir='ltr'><strong>peccam</strong></span> 
     </span>
     <span class='ocr_line' id='line_1_61' title="bbox 188 4640 1787 4715; baseline 0.001 -19"><span class='ocrx_word' id='word_1_687' title='bbox 188 4640 258 4708; x_wconf 80' lang='lat' dir='ltr'><strong>Quia</strong></span> <span class='ocrx_word' id='word_1_688' title='bbox 276 4640 441 4695; x_wconf 74' lang='lat' dir='ltr'><strong>adverterint</strong></span> <span class='ocrx_word' id='word_1_689' title='bbox 460 4650 542 4696; x_wconf 72' lang='lat' dir='ltr'><strong>anter</strong></span> <span class='ocrx_word' id='word_1_690' title='bbox 559 4641 698 4710; x_wconf 76' lang='lat' dir='ltr'><strong>diobolae,</strong></span> <span class='ocrx_word' id='word_1_691' title='bbox 720 4652 774 4700; x_wconf 90' lang='lat' dir='ltr'><strong>etc.</strong></span> <span class='ocrx_word' id='word_1_692' title='bbox 791 4642 944 4712; x_wconf 79' lang='lat' dir='ltr'><strong>Aliquando</strong></span> <span class='ocrx_word' id='word_1_693' title='bbox 995 4643 1146 4715; x_wconf 85' lang='lat' dir='ltr'><strong>indignari;</strong></span> <span class='ocrx_word' id='word_1_694' title='bbox 1162 4642 1209 4699; x_wconf 87' lang='lat' dir='ltr'><strong>sed</strong></span> <span class='ocrx_word' id='word_1_695' title='bbox 1223 4643 1297 4699; x_wconf 89' lang='lat' dir='ltr'><strong>aliud</strong></span> <span class='ocrx_word' id='word_1_696' title='bbox 1316 4651 1359 4699; x_wconf 87' lang='lat' dir='ltr'><strong>cst</strong></span> <span class='ocrx_word' id='word_1_697' title='bbox 1378 4645 1449 4714; x_wconf 88' lang='lat' dir='ltr'><strong>quod</strong></span> <span class='ocrx_word' id='word_1_698' title='bbox 1463 4643 1629 4715; x_wconf 83' lang='lat' dir='ltr'><strong>agitnrtypa</strong></span> <span class='ocrx_word' id='word_1_699' title='bbox 1641 4641 1787 4713; x_wconf 71' lang='lat' dir='ltr'><strong>superbh,</strong></span> 
     </span>
     <span class='ocr_line' id='line_1_62' title="bbox 153 4728 1822 4806; baseline 0.002 -20"><span class='ocrx_word' id='word_1_700' title='bbox 153 4729 274 4786; x_wconf 88' lang='lat' dir='ltr'><strong>diabolus</strong></span> <span class='ocrx_word' id='word_1_701' title='bbox 294 4728 337 4785; x_wconf 90' lang='lat' dir='ltr'><strong>leo</strong></span> <span class='ocrx_word' id='word_1_702' title='bbox 357 4736 467 4801; x_wconf 90' lang='lat' dir='ltr'><strong>propter</strong></span> <span class='ocrx_word' id='word_1_703' title='bbox 487 4739 595 4801; x_wconf 89' lang='lat' dir='ltr'><strong>apertas</strong></span> <span class='ocrx_word' id='word_1_704' title='bbox 616 4732 817 4802; x_wconf 86' lang='lat' dir='ltr'><strong>persecutiones</strong></span> <span class='ocrx_word' id='word_1_705' title='bbox 833 4731 941 4787; x_wconf 91' lang='lat' dir='ltr'><strong>dicitur.</strong></span> <span class='ocrx_word' id='word_1_706' title='bbox 995 4734 1069 4791; x_wconf 89' lang='lat' dir='ltr'><strong>alind</strong></span> <span class='ocrx_word' id='word_1_707' title='bbox 1090 4734 1149 4790; x_wconf 81' lang='lat' dir='ltr'><strong>nelo</strong></span> <span class='ocrx_word' id='word_1_708' title='bbox 1169 4733 1336 4804; x_wconf 58' lang='lat' dir='ltr'><strong>disciplinam</strong></span> <span class='ocrx_word' id='word_1_709' title='bbox 1352 4734 1401 4790; x_wconf 88' lang='lat' dir='ltr'><strong>sed</strong></span> <span class='ocrx_word' id='word_1_710' title='bbox 1424 4732 1571 4806; x_wconf 70' lang='lat' dir='ltr'><strong>quiregii</strong></span> <span class='ocrx_word' id='word_1_711' title='bbox 1594 4738 1686 4799; x_wconf 76' lang='lat' dir='ltr'><strong>erant,</strong></span> <span class='ocrx_word' id='word_1_712' title='bbox 1706 4733 1822 4789; x_wconf 79' lang='lat' dir='ltr'><strong>itant-</strong></span> 
     </span>
     <span class='ocr_line' id='line_1_63' title="bbox 152 4818 1822 4899; baseline 0.005 -25"><span class='ocrx_word' id='word_1_713' title='bbox 152 4818 304 4889; x_wconf 75' lang='lat' dir='ltr'><strong>Aliquando</strong></span> <span class='ocrx_word' id='word_1_714' title='bbox 314 4819 396 4874; x_wconf 84' lang='lat' dir='ltr'><strong>tlraco</strong></span> <span class='ocrx_word' id='word_1_715' title='bbox 406 4827 516 4891; x_wconf 88' lang='lat' dir='ltr'><strong>propter</strong></span> <span class='ocrx_word' id='word_1_716' title='bbox 525 4819 644 4875; x_wconf 86' lang='lat' dir='ltr'><strong>occultas</strong></span> <span class='ocrx_word' id='word_1_717' title='bbox 655 4821 766 4876; x_wconf 89' lang='lat' dir='ltr'><strong>insidias</strong></span> <span class='ocrx_word' id='word_1_718' title='bbox 776 4821 941 4877; x_wconf 88' lang='lat' dir='ltr'><strong>nominatur.</strong></span> <span class='ocrx_word' id='word_1_719' title='bbox 995 4841 1082 4896; x_wconf 81' lang='lat' dir='ltr'><strong>aegros</strong></span> <span class='ocrx_word' id='word_1_720' title='bbox 1096 4841 1125 4880; x_wconf 93' lang='lat' dir='ltr'><strong>se</strong></span> <span class='ocrx_word' id='word_1_721' title='bbox 1139 4840 1200 4882; x_wconf 88' lang='lat' dir='ltr'><strong>csse</strong></span> <span class='ocrx_word' id='word_1_722' title='bbox 1214 4826 1361 4892; x_wconf 87' lang='lat' dir='ltr'><strong>nescirent,</strong></span> <span class='ocrx_word' id='word_1_723' title='bbox 1376 4834 1510 4897; x_wconf 86' lang='lat' dir='ltr'><strong>quatenus</strong></span> <span class='ocrx_word' id='word_1_724' title='bbox 1525 4827 1598 4898; x_wconf 80' lang='lat' dir='ltr'><strong>qud</strong></span> <span class='ocrx_word' id='word_1_725' title='bbox 1611 4835 1693 4885; x_wconf 82' lang='lat' dir='ltr'><strong>erant</strong></span> <span class='ocrx_word' id='word_1_726' title='bbox 1705 4838 1822 4899; x_wconf 66' lang='lat' dir='ltr'><strong>am·—</strong></span> 
     </span>
     <span class='ocr_line' id='line_1_64' title="bbox 189 4910 1822 4983; baseline 0.003 -17"><span class='ocrx_word' id='word_1_727' title='bbox 189 4910 238 4966; x_wconf 78' lang='lat' dir='ltr'><strong>Cai</strong></span> <span class='ocrx_word' id='word_1_728' title='bbox 258 4910 369 4967; x_wconf 76' lang='lat' dir='ltr'><strong>cerialta</strong></span> <span class='ocrx_word' id='word_1_729' title='bbox 385 4911 465 4982; x_wconf 71' lang='lat' dir='ltr'><strong>[ortes</strong></span> <span class='ocrx_word' id='word_1_730' title='bbox 484 4912 511 4966; x_wconf 90' lang='lat' dir='ltr'><strong>iu</strong></span> <span class='ocrx_word' id='word_1_731' title='bbox 533 4911 596 4981; x_wconf 77' lang='lat' dir='ltr'><strong>fide.</strong></span> <span class='ocrx_word' id='word_1_732' title='bbox 623 4912 754 4983; x_wconf 81' lang='lat' dir='ltr'><strong>Exemplo</strong></span> <span class='ocrx_word' id='word_1_733' title='bbox 777 4911 878 4969; x_wconf 86' lang='lat' dir='ltr'><strong>Cbristi</strong></span> <span class='ocrx_word' id='word_1_734' title='bbox 901 4928 943 4970; x_wconf 90' lang='lat' dir='ltr'><strong>re·</strong></span> <span class='ocrx_word' id='word_1_735' title='bbox 994 4923 1111 4980; x_wconf 88' lang='lat' dir='ltr'><strong>secrent,</strong></span> <span class='ocrx_word' id='word_1_736' title='bbox 1132 4915 1252 4971; x_wconf 87' lang='lat' dir='ltr'><strong>eoelestis</strong></span> <span class='ocrx_word' id='word_1_737' title='bbox 1270 4929 1318 4971; x_wconf 86' lang='lat' dir='ltr'><strong>eos</strong></span> <span class='ocrx_word' id='word_1_738' title='bbox 1331 4916 1454 4971; x_wconf 84' lang='lat' dir='ltr'><strong>medicus</strong></span> <span class='ocrx_word' id='word_1_739' title='bbox 1469 4915 1577 4972; x_wconf 77' lang='lat' dir='ltr'><strong>blatmis</strong></span> <span class='ocrx_word' id='word_1_740' title='bbox 1590 4915 1723 4973; x_wconf 80' lang='lat' dir='ltr'><strong>lomentis</strong></span> <span class='ocrx_word' id='word_1_741' title='bbox 1742 4928 1822 4971; x_wconf 83' lang='grc' dir='ltr'><strong>ιιι-</strong></span> 
     </span>
     <span class='ocr_line' id='line_1_65' title="bbox 154 5000 1822 5079; baseline 0.003 -23"><span class='ocrx_word' id='word_1_742' title='bbox 154 5001 275 5057; x_wconf 88' lang='lat' dir='ltr'><strong>sistentis</strong></span> <span class='ocrx_word' id='word_1_743' title='bbox 290 5002 317 5055; x_wconf 91' lang='lat' dir='ltr'><strong>in</strong></span> <span class='ocrx_word' id='word_1_744' title='bbox 333 5001 440 5058; x_wconf 87' lang='lat' dir='ltr'><strong>deserto</strong></span> <span class='ocrx_word' id='word_1_745' title='bbox 454 5001 571 5057; x_wconf 88' lang='lat' dir='ltr'><strong>diabolo.</strong></span> <span class='ocrx_word' id='word_1_746' title='bbox 995 5013 1047 5066; x_wconf 85' lang='lat' dir='ltr'><strong>rat,</strong></span> <span class='ocrx_word' id='word_1_747' title='bbox 1059 5002 1206 5072; x_wconf 90' lang='lat' dir='ltr'><strong>benignum</strong></span> <span class='ocrx_word' id='word_1_748' title='bbox 1221 5001 1385 5079; x_wconf 72' lang='grc' dir='ltr'><strong>παράδειγμα</strong></span> <span class='ocrx_word' id='word_1_749' title='bbox 1393 5000 1497 5072; x_wconf 79' lang='lat' dir='ltr'><strong>obiicit,</strong></span> <span class='ocrx_word' id='word_1_750' title='bbox 1511 5012 1539 5059; x_wconf 90' lang='lat' dir='ltr'><strong>et</strong></span> <span class='ocrx_word' id='word_1_751' title='bbox 1556 5003 1583 5059; x_wconf 92' lang='lat' dir='ltr'><strong>ln</strong></span> <span class='ocrx_word' id='word_1_752' title='bbox 1596 5018 1695 5061; x_wconf 83' lang='lat' dir='ltr'><strong>comm</strong></span> <span class='ocrx_word' id='word_1_753' title='bbox 1707 5002 1822 5061; x_wconf 72' lang='lat' dir='ltr'><strong>cattle</strong></span> 
     </span>
     <span class='ocr_line' id='line_1_66' title="bbox 191 5090 1592 5165; baseline 0.004 -17"><span class='ocrx_word' id='word_1_754' title='bbox 191 5091 306 5148; x_wconf 76' lang='lat' dir='ltr'><strong>Sciratae</strong></span> <span class='ocrx_word' id='word_1_755' title='bbox 324 5092 441 5148; x_wconf 77' lang='lat' dir='ltr'><strong>eamdent</strong></span> <span class='ocrx_word' id='word_1_756' title='bbox 457 5095 621 5165; x_wconf 79' lang='lat' dir='ltr'><strong>passionem,</strong></span> <span class='ocrx_word' id='word_1_757' title='bbox 642 5105 695 5151; x_wconf 87' lang='lat' dir='ltr'><strong>etc.</strong></span> <span class='ocrx_word' id='word_1_758' title='bbox 711 5095 740 5152; x_wconf 91' lang='lat' dir='ltr'><strong>td</strong></span> <span class='ocrx_word' id='word_1_759' title='bbox 760 5104 802 5151; x_wconf 85' lang='lat' dir='ltr'><strong>est</strong></span> <span class='ocrx_word' id='word_1_760' title='bbox 820 5098 943 5154; x_wconf 87' lang='lat' dir='ltr'><strong>eamdem</strong></span> <span class='ocrx_word' id='word_1_761' title='bbox 994 5091 1114 5147; x_wconf 63' lang='lat' dir='ltr'><strong>vulneris</strong></span> <span class='ocrx_word' id='word_1_762' title='bbox 1128 5098 1262 5146; x_wconf 66' lang='lat' dir='ltr'><strong>lumooem</strong></span> <span class='ocrx_word' id='word_1_763' title='bbox 1272 5091 1382 5161; x_wconf 67' lang='lat' dir='ltr'><strong>Premit·</strong></span> <span class='ocrx_word' id='word_1_764' title='bbox 1395 5090 1442 5147; x_wconf 65' lang='lat' dir='ltr'><strong>All</strong></span> <span class='ocrx_word' id='word_1_765' title='bbox 1454 5107 1592 5164; x_wconf 59' lang='lat' dir='ltr'><strong>namuci</strong></span> 
     </span>
     <span class='ocr_line' id='line_1_67' title="bbox 154 5180 1822 5256; baseline 0.004 -20"><span class='ocrx_word' id='word_1_766' title='bbox 154 5183 316 5253; x_wconf 87' lang='lat' dir='ltr'><strong>passionem,</strong></span> <span class='ocrx_word' id='word_1_767' title='bbox 328 5198 409 5255; x_wconf 87' lang='lat' dir='ltr'><strong>quam</strong></span> <span class='ocrx_word' id='word_1_768' title='bbox 420 5199 467 5240; x_wconf 85' lang='lat' dir='ltr'><strong>vos</strong></span> <span class='ocrx_word' id='word_1_769' title='bbox 479 5186 628 5248; x_wconf 84' lang='lat' dir='ltr'><strong>sustinctis,</strong></span> <span class='ocrx_word' id='word_1_770' title='bbox 645 5195 672 5240; x_wconf 93' lang='lat' dir='ltr'><strong>ct</strong></span> <span class='ocrx_word' id='word_1_771' title='bbox 683 5201 715 5241; x_wconf 90' lang='lat' dir='ltr'><strong>ea</strong></span> <span class='ocrx_word' id='word_1_772' title='bbox 728 5200 788 5256; x_wconf 77' lang='lat' dir='ltr'><strong>quae</strong></span> <span class='ocrx_word' id='word_1_773' title='bbox 801 5187 828 5241; x_wconf 91' lang='lat' dir='ltr'><strong>in</strong></span> <span class='ocrx_word' id='word_1_774' title='bbox 843 5188 944 5242; x_wconf 91' lang='lat' dir='ltr'><strong>mundo</strong></span> <span class='ocrx_word' id='word_1_775' title='bbox 1030 5180 1096 5248; x_wconf 75' lang='lat' dir='ltr'><strong>Qttt&#39;t</strong></span> <span class='ocrx_word' id='word_1_776' title='bbox 1119 5197 1152 5236; x_wconf 74' lang='lat' dir='ltr'><strong>ea</strong></span> <span class='ocrx_word' id='word_1_777' title='bbox 1172 5181 1243 5237; x_wconf 74' lang='lat' dir='ltr'><strong>tabit</strong></span> <span class='ocrx_word' id='word_1_778' title='bbox 1265 5182 1353 5248; x_wconf 77' lang='lat' dir='ltr'><strong>lama.</strong></span> <span class='ocrx_word' id='word_1_779' title='bbox 1373 5183 1508 5253; x_wconf 81' lang='lat' dir='ltr'><strong>quilebet</strong></span> <span class='ocrx_word' id='word_1_780' title='bbox 1527 5194 1632 5241; x_wconf 72' lang='lat' dir='ltr'><strong>tantm</strong></span> <span class='ocrx_word' id='word_1_781' title='bbox 1652 5192 1822 5252; x_wconf 59' lang='lat' dir='ltr'><strong>arcade„-</strong></span> 
     </span>
     <span class='ocr_line' id='line_1_68' title="bbox 154 5270 1822 5350; baseline 0.003 -20"><span class='ocrx_word' id='word_1_782' title='bbox 154 5283 197 5330; x_wconf 90' lang='lat' dir='ltr'><strong>est</strong></span> <span class='ocrx_word' id='word_1_783' title='bbox 207 5284 303 5331; x_wconf 77' lang='lat' dir='ltr'><strong>vestre</strong></span> <span class='ocrx_word' id='word_1_784' title='bbox 314 5273 502 5344; x_wconf 74' lang='lat' dir='ltr'><strong>fraternitatis,</strong></span> <span class='ocrx_word' id='word_1_785' title='bbox 515 5294 575 5350; x_wconf 82' lang='lat' dir='ltr'><strong>qum</strong></span> <span class='ocrx_word' id='word_1_786' title='bbox 586 5287 628 5335; x_wconf 87' lang='lat' dir='ltr'><strong>est</strong></span> <span class='ocrx_word' id='word_1_787' title='bbox 640 5278 801 5335; x_wconf 80' lang='lat' dir='ltr'><strong>universalis</strong></span> <span class='ocrx_word' id='word_1_788' title='bbox 811 5279 942 5346; x_wconf 82' lang='lat' dir='ltr'><strong>Ecclesia,</strong></span> <span class='ocrx_word' id='word_1_789' title='bbox 994 5272 1065 5328; x_wconf 76' lang='lat' dir='ltr'><strong>Ecce</strong></span> <span class='ocrx_word' id='word_1_790' title='bbox 1083 5271 1153 5326; x_wconf 69' lang='lat' dir='ltr'><strong>mitt</strong></span> <span class='ocrx_word' id='word_1_791' title='bbox 1170 5270 1372 5341; x_wconf 64' lang='lat' dir='ltr'><strong>dispensatione</strong></span> <span class='ocrx_word' id='word_1_792' title='bbox 1391 5273 1503 5344; x_wconf 69' lang='lat' dir='ltr'><strong>pietalis</strong></span> <span class='ocrx_word' id='word_1_793' title='bbox 1518 5273 1822 5333; x_wconf 58' lang='lat' dir='ltr'><strong>similitudinariam</strong></span> 
     </span>
     <span class='ocr_line' id='line_1_69' title="bbox 155 5363 1822 5439; baseline 0 -16"><span class='ocrx_word' id='word_1_794' title='bbox 155 5367 290 5424; x_wconf 89' lang='lat' dir='ltr'><strong>sustinere</strong></span> <span class='ocrx_word' id='word_1_795' title='bbox 299 5383 352 5425; x_wconf 91' lang='lat' dir='ltr'><strong>nou</strong></span> <span class='ocrx_word' id='word_1_796' title='bbox 364 5378 463 5425; x_wconf 86' lang='lat' dir='ltr'><strong>cessat.</strong></span> <span class='ocrx_word' id='word_1_797' title='bbox 996 5363 1063 5419; x_wconf 89' lang='lat' dir='ltr'><strong>ritas</strong></span> <span class='ocrx_word' id='word_1_798' title='bbox 1077 5363 1161 5429; x_wconf 87' lang='lat' dir='ltr'><strong>dedit,</strong></span> <span class='ocrx_word' id='word_1_799' title='bbox 1175 5378 1257 5433; x_wconf 88' lang='lat' dir='ltr'><strong>quam</strong></span> <span class='ocrx_word' id='word_1_800' title='bbox 1271 5371 1300 5418; x_wconf 91' lang='lat' dir='ltr'><strong>et</strong></span> <span class='ocrx_word' id='word_1_801' title='bbox 1315 5363 1383 5421; x_wconf 83' lang='lat' dir='ltr'><strong>inse</strong></span> <span class='ocrx_word' id='word_1_802' title='bbox 1398 5364 1457 5435; x_wconf 86' lang='lat' dir='ltr'><strong>ipso</strong></span> <span class='ocrx_word' id='word_1_803' title='bbox 1469 5366 1552 5423; x_wconf 85' lang='lat' dir='ltr'><strong>botua</strong></span> <span class='ocrx_word' id='word_1_804' title='bbox 1566 5368 1822 5439; x_wconf 51' lang='lat' dir='ltr'><strong>magnetes*</strong></span> 
     </span>
     <span class='ocr_line' id='line_1_70' title="bbox 190 5455 1822 5534; baseline 0.002 -22"><span class='ocrx_word' id='word_1_805' title='bbox 190 5456 261 5513; x_wconf 76' lang='lat' dir='ltr'><strong>bear</strong></span> <span class='ocrx_word' id='word_1_806' title='bbox 274 5468 359 5513; x_wconf 81' lang='lat' dir='ltr'><strong>aetem</strong></span> <span class='ocrx_word' id='word_1_807' title='bbox 373 5459 457 5513; x_wconf 80' lang='lat' dir='ltr'><strong>omnis</strong></span> <span class='ocrx_word' id='word_1_808' title='bbox 466 5459 568 5529; x_wconf 80' lang='lat' dir='ltr'><strong>gratia.</strong></span> <span class='ocrx_word' id='word_1_809' title='bbox 579 5460 607 5515; x_wconf 90' lang='lat' dir='ltr'><strong>ld</strong></span> <span class='ocrx_word' id='word_1_810' title='bbox 622 5469 678 5527; x_wconf 89' lang='lat' dir='ltr'><strong>est,</strong></span> <span class='ocrx_word' id='word_1_811' title='bbox 692 5460 865 5518; x_wconf 86' lang='lat' dir='ltr'><strong>multilomris</strong></span> <span class='ocrx_word' id='word_1_812' title='bbox 883 5476 945 5534; x_wconf 89' lang='lat' dir='ltr'><strong>gra·</strong></span> <span class='ocrx_word' id='word_1_813' title='bbox 995 5463 1023 5512; x_wconf 88' lang='lat' dir='ltr'><strong>ct</strong></span> <span class='ocrx_word' id='word_1_814' title='bbox 1036 5464 1127 5511; x_wconf 82' lang='lat' dir='ltr'><strong>tamen</strong></span> <span class='ocrx_word' id='word_1_815' title='bbox 1143 5455 1202 5510; x_wconf 86' lang='lat' dir='ltr'><strong>haec</strong></span> <span class='ocrx_word' id='word_1_816' title='bbox 1216 5455 1371 5525; x_wconf 88' lang='lat' dir='ltr'><strong>specialiter</strong></span> <span class='ocrx_word' id='word_1_817' title='bbox 1384 5456 1419 5512; x_wconf 92' lang='lat' dir='ltr'><strong>ad</strong></span> <span class='ocrx_word' id='word_1_818' title='bbox 1437 5456 1525 5526; x_wconf 85' lang='lat' dir='ltr'><strong>ipsum</strong></span> <span class='ocrx_word' id='word_1_819' title='bbox 1538 5465 1684 5515; x_wconf 73' lang='lat' dir='ltr'><strong>camurana</strong></span> <span class='ocrx_word' id='word_1_820' title='bbox 1699 5456 1822 5515; x_wconf 61' lang='lat' dir='ltr'><strong>best·</strong></span> 
     </span>
     <span class='ocr_line' id='line_1_71' title="bbox 156 5545 1822 5623; baseline 0.004 -21"><span class='ocrx_word' id='word_1_821' title='bbox 156 5547 307 5606; x_wconf 78' lang='lat' dir='ltr'><strong>timzdmno</strong></span> <span class='ocrx_word' id='word_1_822' title='bbox 314 5550 386 5606; x_wconf 90' lang='lat' dir='ltr'><strong>enim</strong></span> <span class='ocrx_word' id='word_1_823' title='bbox 396 5548 507 5616; x_wconf 89' lang='lat' dir='ltr'><strong>bonum,</strong></span> <span class='ocrx_word' id='word_1_824' title='bbox 519 5551 678 5620; x_wconf 91' lang='lat' dir='ltr'><strong>quodlmmo</strong></span> <span class='ocrx_word' id='word_1_825' title='bbox 690 5552 945 5623; x_wconf 86' lang='lat' dir='ltr'><strong>babetpcrgratiam</strong></span> <span class='ocrx_word' id='word_1_826' title='bbox 995 5563 1061 5603; x_wconf 93' lang='lat' dir='ltr'><strong>num</strong></span> <span class='ocrx_word' id='word_1_827' title='bbox 1074 5546 1232 5618; x_wconf 88' lang='lat' dir='ltr'><strong>pertineret.</strong></span> <span class='ocrx_word' id='word_1_828' title='bbox 1251 5545 1319 5614; x_wconf 80' lang='lat' dir='ltr'><strong>Quia</strong></span> <span class='ocrx_word' id='word_1_829' title='bbox 1332 5550 1405 5603; x_wconf 89' lang='lat' dir='ltr'><strong>enim</strong></span> <span class='ocrx_word' id='word_1_830' title='bbox 1417 5551 1592 5607; x_wconf 71' lang='lat' dir='ltr'><strong>cenmnarlns</strong></span> <span class='ocrx_word' id='word_1_831' title='bbox 1604 5566 1740 5609; x_wconf 80' lang='lat' dir='ltr'><strong>numerus</strong></span> <span class='ocrx_word' id='word_1_832' title='bbox 1749 5548 1822 5609; x_wconf 64' lang='grc' dir='ltr'><strong>ΕΙ</strong></span> 
     </span>
     <span class='ocr_line' id='line_1_72' title="bbox 157 5637 1818 5713; baseline 0.001 -21"><span class='ocrx_word' id='word_1_833' title='bbox 157 5639 214 5705; x_wconf 84' lang='lat' dir='ltr'><strong>bei,</strong></span> <span class='ocrx_word' id='word_1_834' title='bbox 229 5650 258 5696; x_wconf 93' lang='lat' dir='ltr'><strong>ut</strong></span> <span class='ocrx_word' id='word_1_835' title='bbox 269 5642 369 5697; x_wconf 79' lang='lat' dir='ltr'><strong>haltrat</strong></span> <span class='ocrx_word' id='word_1_836' title='bbox 380 5640 486 5713; x_wconf 86' lang='lat' dir='ltr'><strong>accipit.</strong></span> <span class='ocrx_word' id='word_1_837' title='bbox 996 5637 1143 5710; x_wconf 82' lang='lat' dir='ltr'><strong>perlectus,</strong></span> <span class='ocrx_word' id='word_1_838' title='bbox 1160 5639 1217 5708; x_wconf 89' lang='lat' dir='ltr'><strong>ipse</strong></span> <span class='ocrx_word' id='word_1_839' title='bbox 1230 5646 1339 5694; x_wconf 89' lang='lat' dir='ltr'><strong>eentum</strong></span> <span class='ocrx_word' id='word_1_840' title='bbox 1357 5654 1422 5696; x_wconf 82' lang='lat' dir='ltr'><strong>ores</strong></span> <span class='ocrx_word' id='word_1_841' title='bbox 1442 5641 1537 5696; x_wconf 83' lang='lat' dir='ltr'><strong>babuit</strong></span> <span class='ocrx_word' id='word_1_842' title='bbox 1551 5656 1616 5698; x_wconf 86' lang='lat' dir='ltr'><strong>cnm</strong></span> <span class='ocrx_word' id='word_1_843' title='bbox 1630 5640 1818 5713; x_wconf 72' lang='lat' dir='ltr'><strong>angelornm</strong></span> 
     </span>
    </p>
   </div>
   <div class='ocr_carea' id='block_1_13' title="bbox 991 3366 1787 3439">
    <p class='ocr_par' dir='ltr' id='par_1_18' title="bbox 991 3366 1787 3439">
     <span class='ocr_line' id='line_1_73' title="bbox 991 3366 1787 3439; baseline 0.001 -19"><span class='ocrx_word' id='word_1_844' title='bbox 991 3389 1000 3420; x_wconf 79' lang='lat' dir='ltr'><strong>r</strong></span> <span class='ocrx_word' id='word_1_845' title='bbox 1022 3369 1145 3425; x_wconf 86' lang='lat' dir='ltr'><strong>tutamini</strong></span> <span class='ocrx_word' id='word_1_846' title='bbox 1158 3368 1240 3432; x_wconf 85' lang='lat' dir='ltr'><strong>mibi,</strong></span> <span class='ocrx_word' id='word_1_847' title='bbox 1255 3368 1319 3438; x_wconf 88' lang='lat' dir='ltr'><strong>quia</strong></span> <span class='ocrx_word' id='word_1_848' title='bbox 1332 3367 1422 3423; x_wconf 78' lang='lat' dir='ltr'><strong>iuveni</strong></span> <span class='ocrx_word' id='word_1_849' title='bbox 1433 3368 1586 3438; x_wconf 87' lang='lat' dir='ltr'><strong>dragmam,</strong></span> <span class='ocrx_word' id='word_1_850' title='bbox 1600 3382 1684 3439; x_wconf 84' lang='lat' dir='ltr'><strong>quam</strong></span> <span class='ocrx_word' id='word_1_851' title='bbox 1697 3366 1787 3439; x_wconf 83' lang='lat' dir='ltr'><strong>perdi·</strong></span> 
     </span>
    </p>
   </div>
   <div class='ocr_carea' id='block_1_14' title="bbox 0 0 1942 6116">
    <p class='ocr_par' dir='ltr' id='par_1_19' title="bbox 0 0 1942 6116">
     <span class='ocr_line' id='line_1_74' title="bbox 0 0 1942 6116; baseline 0 0"><span class='ocrx_word' id='word_1_852' title='bbox 0 0 1942 6116; x_wconf 95' lang='lat' dir='ltr'><strong> </strong></span> 
     </span>
    </p>
   </div>
  </div>
 </body>
</html>
