3810 6120
163 227 230 287 ιιιι
680 296 685 307 ,
895 235 1058 296 nuruum
1737 255 1807 312 aue

162 354 272 420 eportet
285 346 439 418 huiusmodi
453 348 590 407 hominem
607 349 729 420 Surum,
741 359 772 408 st
782 351 894 426 spiritus
903 353 958 411 sul·
969 359 997 421 Α
1008 357 1088 416 celse
1101 360 1265 430 constitutae,
1280 371 1309 420 et
1320 375 1479 438 praeparate
1490 368 1668 426 inveniuntur
1683 366 1717 424 in
1733 369 1809 425 thro

163 454 211 496 Μ
229 437 277 510 put
293 440 321 495 5¹¹
334 438 491 496 ‘immisti
503 438 529 513 (1
544 438 606 496 Ποῖ·
626 456 655 508 Vs
668 438 709 515 5)·
1007 468 1053 520 uo,
1072 456 1295 526 speculationem,
1311 467 1338 515 et
1356 468 1517 530 potestatem
1536 463 1680 535 iudicandi
1707 471 1739 518 et
1752 465 1808 520 sol·

519 526 612 585 fflx·
1007 547 1098 613 vendi,
1110 555 1192 618 atque
1202 549 1303 621 ligandi
1328 551 1476 610 abomino
1490 554 1543 610 sibi
1555 555 1648 611 datam
1672 556 1803 613 materiae

421 620 461 676 lle
475 619 536 676 rede
548 622 671 695 episcopi.
1007 635 1100 703 docem
1116 638 1187 694 unde
1203 637 1329 696 Salvator
1342 641 1373 697 iu
1386 643 1530 715 Evangelio
1544 645 1582 700 sit
1601 664 1608 699 ε
1627 646 1804 712 Quocunque

396 710 447 785 (Ex
460 712 555 768 cadem
569 712 707 787 epistola.)
1006 727 1149 800 iiyuocritis
1161 741 1361 802 superterram,
1376 745 1453 791 erunt
1466 735 1548 808 iiyutc
1560 739 1587 792 in
1599 736 1664 792 coeio
1680 750 1709 791 ⁸.

197 797 275 868 Quod
298 808 389 857 autem
404 803 482 859 sodes
497 803 525 858 in
546 803 739 875 episcopomm
752 805 877 863 ecclesiis
904 823 953 864 ex-

197 945 211 977 ·
229 932 334 992 Cretera
346 937 545 1006 desiderantur,
559 946 591 995 ut
611 947 639 997 et
649 938 759 1013 Nocngi
773 941 893 1014 episcopi
906 941 1024 1015 capitula
1036 956 1096 1013 qvem
1108 941 1238 999 Remedio
1255 943 1355 1014 adjecit
1369 943 1422 1003 llde
1436 945 1569 1006 Goldasti.

176 1095 1794 1144 Q

684 1258 969 1353 uovnuun
1004 1210 1270 1369 oumunu

961 1474 994 1517 lic

393 1616 735 1675 sepenominatus
753 1615 1012 1675 connectiones
1028 1616 1062 1674 tlt
1080 1617 1271 1676 perstetis
1289 1619 1335 1676 El*
1354 1621 1551 1682 avunculis

677 1774 751 1851 Quo
763 1793 822 1856 per
839 1775 1009 1836 circuitum
1029 1776 1106 1837 unni
1120 1775 1276 1856 leyuntur.

784 1929 1150 1946 *ψ

190 2012 425 2073 tisrmmentarlum
442 2016 605 2080 perpetuum
630 2025 648 2064 a
674 2008 825 2081 smaragdo
852 2008 950 2064 abbate
963 2013 988 2072 Β
1002 2009 1088 2074 votis,
1107 2024 1140 2064 ac
1164 2009 1322 2065 christianae
1340 2008 1428 2080 plebis
1446 2014 1605 2071 necessitati
1626 2018 1798 2093 insenum,

155 2104 185 2161 in
199 2100 319 2174 singulas
340 2097 549 2170 Evangeliorum
570 2105 597 2154 et
613 2098 796 2170 Epistolarum
819 2097 950 2154 lectiones
999 2098 1092 2154 uarias
1104 2099 1226 2170 ejusdem
1240 2099 1299 2155 lere
1312 2101 1464 2172 argumenti
1479 2102 1596 2176 sylloges
1610 2107 1716 2178 publici
1727 2111 1801 2181 juris

155 2193 329 2263 adornatum,
340 2190 430 2247 denuo
440 2189 550 2246 tandem
563 2198 626 2261 post
638 2190 736 2245 saecula
751 2190 815 2255 tria,
830 2189 950 2259 quinque
1001 2186 1101 2243 iecere.
1118 2187 1194 2244 Unus
1216 2203 1280 2244 vero
1298 2189 1397 2244 Noster
1420 2192 1528 2248 obviam
1547 2196 1657 2264 quidem
1675 2209 1707 2256 et
1726 2217 1803 2256 com·

154 2282 511 2355 insuperlustrisannorum
518 2280 629 2351 elapsis,
639 2295 673 2336 ex
685 2280 807 2336 editione
819 2280 948 2351 principe,
999 2293 1109 2334 muuom
1121 2279 1258 2346 semitam,
1277 2281 1388 2351 proprio
1403 2291 1495 2338 autem
1510 2287 1635 2355 tramite,
1651 2289 1801 2359 insistens,

137 2383 185 2432 *ut
212 2375 300 2440 aiunt,
320 2388 456 2437 recusum,
473 2371 559 2427 multo
580 2386 609 2427 se
633 2371 744 2427 nomine
759 2369 950 2425 commendare
998 2374 1064 2430 dum
1079 2374 1124 2429 alii
1147 2374 1268 2446 integras
1284 2376 1397 2448 siugulis
1412 2376 1574 2437 lectionibus
1592 2383 1725 2441 homilias
1751 2402 1802 2457 ap·

129 2469 274 2542 ·sliligens
294 2467 410 2538 quisquc
435 2464 523 2520 lector
535 2464 615 2520 facile
637 2462 780 2535 intelliget.
797 2462 903 2517 Emicat
920 2461 948 2516 in
998 2473 1141 2536 ponerent,
1157 2467 1215 2537 ipsc
1237 2482 1272 2521 cx
1293 2468 1377 2522 variis
1390 2468 1560 2527 diversomm
1576 2481 1723 2532 auctorum
1736 2493 1799 2533 scr-

134 2574 187 2616 ·eo
202 2559 322 2632 primum
342 2556 463 2613 omnium
483 2554 541 2611 lere
565 2554 727 2627 scriptorum
751 2552 949 2608 ecclesiastice
999 2556 1126 2613 monibus
1141 2564 1188 2611 aut
1205 2556 1283 2613 libris
1306 2565 1467 2629 perpetuum
1495 2567 1727 2623 commentarium
1751 2586 1797 2628 re-

137 2651 279 2721 ·rmmqui
293 2648 419 2705 amculo
428 2648 540 2704 circiter
549 2647 783 2715 octarodomere,
797 2646 948 2703 communis
999 2649 1098 2705 texuit.

152 2741 267 2806 indoles,
283 2742 328 2812 pia
355 2755 431 2808 saue,
458 2739 570 2796 humilis
585 2748 614 2796 et
631 2741 800 2804 doctissima,
827 2753 881 2809 qua
896 2735 946 2793 sibi
1033 2739 1093 2796 Alia
1109 2740 1219 2796 demum
1236 2756 1317 2798 causa
1336 2745 1452 2801 accessit
1465 2761 1515 2803 cur
1536 2748 1565 2804 in
1581 2749 1628 2807 illo
1646 2749 1796 2828 smaragdi

152 2835 245 2891 miuus
266 2832 373 2899 conlisi,
391 2840 515 2889 veterum
529 2832 620 2904 potius
633 2831 744 2888 Patrum
765 2844 848 2901 opera
864 2844 947 2884 mauu
997 2829 1199 2886 commentario
1211 2830 1301 2887 obiter
1315 2832 1501 2903 immoremur,
1516 2837 1623 2894 scilicet
1633 2841 1719 2911 quod,
1732 2859 1796 2899 cum

137 2923 246 2981 sedula
258 2921 441 2990 revolverent,
452 2923 636 2994 exprimerent
649 2921 758 2992 placita,
775 2921 902 2990 dictaque
913 2921 947 2975 de
997 2923 1040 2980 vel
1054 2923 1083 2978 in
1094 2923 1267 2980 bibliothecis
1291 2925 1465 2995 amplissimis
1478 2935 1536 2984 tam
1558 2929 1683 3000 ejusdem
1710 2934 1793 2990 com-

138 3017 246 3084 .rerbo,
267 3016 325 3072 suis
338 3014 485 3073 inserenda
499 3015 576 3071 libris
591 3023 639 3070 aut
655 3013 837 3078 sermonibus,
852 3027 947 3068 excer·
997 3014 1124 3071 montorii
1145 3014 1229 3070 editio
1247 3014 1338 3082 unica,
1359 3031 1441 3086 quam
1459 3019 1599 3091 exemplar
1620 3037 1705 3078 manu
1725 3025 1794 3081 scri·

121 3135 125 3143 ·
150 3114 258 3178 perent.
273 3105 450 3178 Smaragdos,
463 3115 494 3160 ut
508 3107 566 3177 ipsc
579 3114 705 3172 testatur,
723 3125 732 3158 ι
748 3108 821 3162 huuc
831 3121 866 3161 ex
880 3106 946 3161 mul·
996 3112 1073 3176 ptum
1081 3119 1143 3160 raro
1153 3106 1298 3161 admodum
1307 3107 1470 3176 reperiatur,
1478 3109 1627 3179 insigniret
1636 3115 1791 3172 satisbonsr

152 3201 190 3256 tis
202 3215 287 3255 unum
298 3199 405 3253 curavit
419 3197 546 3267 colligere
563 3197 675 3264 librum,
689 3206 718 3253 et
733 3197 767 3252 dc
784 3212 944 3267 magnorum
996 3201 1068 3251 notu
1084 3195 1237 3252 invenimus
1248 3197 1382 3264 codicem,
1397 3198 1426 3253 in
1444 3199 1608 3258 bibliotheca
1622 3204 1792 3264 Bononiensi

138 3291 314 3348 tractatibus
331 3289 500 3362 pmlutisque
526 3289 698 3346 sermonibus
719 3288 843 3354 Patmm,
866 3288 945 3360 quasi
996 3299 1068 3340 nunc
1091 3294 1272 3352 asservatum,
1300 3301 1381 3358 quem
1408 3289 1472 3345 olim
1500 3294 1599 3364 raptim
1625 3296 1792 3367 evolvimus,

151 3383 187 3440 de
200 3382 307 3453 magnis
321 3379 489 3446 huminibus,
503 3380 646 3451 pelagique
660 3379 823 3451 gurgitibus,
841 3379 944 3449 pariter
957 3359 980 3422 C
995 3373 1084 3431 denrro
1100 3375 1134 3430 ad
1149 3381 1258 3431 nostros
1271 3392 1348 3445 usus,
1366 3378 1452 3434 multa
1473 3396 1534 3437 cum
1549 3384 1727 3454 humanitate,
1742 3404 1791 3445 re·

137 3471 289 3547 derivator
298 3470 403 3528 exstitit
414 3478 443 3526 et
453 3470 601 3527 breviator.
616 3489 626 3524 r
640 3469 669 3525 ln
680 3484 713 3526 eo
725 3476 815 3525 autem
825 3469 944 3524 maxime
995 3467 1102 3524 censuit
1113 3466 1230 3522 eximius
1243 3474 1271 3523 ct
1285 3468 1400 3542 diligens
1414 3472 1447 3527 l.
1465 3471 1498 3527 l).
1517 3473 1653 3545 huyum,
1669 3477 1727 3544 cui,
1742 3481 1790 3534 uti

137 3571 179 3619 et
190 3562 368 3634 peculiariter
376 3561 523 3628 notandus,
534 3560 607 3632 quod
620 3569 676 3616 tam
688 3568 850 3631 prestantes
861 3574 943 3629 quam
994 3557 1100 3613 etmihi
1120 3565 1225 3613 tantum
1250 3573 1386 3616 concessus
1407 3560 1528 3630 luerunt,
1548 3565 1617 3637 typis
1633 3581 1790 3641 properan-

138 3653 309 3710 rsrlssimos
320 3651 372 3706 xli
384 3659 511 3706 auctores
531 3651 583 3705 sibi
605 3650 690 3706 voluit
703 3649 862 3719 praelucere.
874 3648 943 3705 Nam
994 3649 1078 3716 tibus,
1090 3663 1182 3720 paucae
1195 3649 1279 3717 horm,
1297 3651 1457 3720 subcesivae,
1474 3668 1525 3710 nec
1538 3654 1594 3711 illue
1601 3656 1714 3728 quidem
1726 3675 1790 3716 om-

151 3744 230 3802 sbco
246 3743 377 3798 rescimus
393 3740 538 3798 decoratos
553 3740 638 3796 luisse
650 3739 795 3806 Hilarium,
808 3739 942 3810 llicrouy·
993 3740 1059 3796 uino
1080 3739 1172 3796 liberm
1191 3756 1198 3794 :
1218 3743 1290 3798 unde
1311 3743 1466 3800 notulamm
1488 3745 1661 3816 aduersaria,
1687 3753 1788 3824 raptim

150 3851 234 3901 mem,
250 3835 432 3901 Ambrosium,
454 3833 640 3905 Astynomum,
657 3832 829 3904 cyprianum,
857 3832 943 3902 c'yril·
993 3830 1058 3888 hinc
1072 3831 1136 3888 inde
1149 3846 1270 3900 corrasa,
1281 3835 1328 3890 vix
1340 3850 1373 3891 eo
1386 3835 1439 3892 loci
1452 3836 1530 3893 licuit
1541 3839 1675 3896 inserere.

150 3925 217 3992 lum,
242 3923 408 3996 creporium,
428 3921 608 3994 rotumum,
633 3920 857 3992 chrysostomum,
877 3918 943 3975 ccc·
1027 3923 1118 3980 codes
1136 3932 1228 3979 autem
1242 3924 1287 3981 ille
1302 3941 1374 3982 nunc
1383 3925 1575 3996 Bononiensis,
1589 3930 1656 3987 olim
1674 3933 1700 3988 in
1716 3935 1791 3990 celc-

135 4019 297 4084 uncorum,
327 4016 500 4082 auctentum,
524 4015 670 4080 Isidorum,
694 4012 805 4078 seuam,
820 4012 941 4067 omnium
991 4016 1119 4074 semme
1139 4018 1256 4075 abbaoae
1277 4017 1370 4075 muers
1392 4020 1497 4076 henim
1517 4020 1736 4083 rodomacensis
1757 4027 1791 4083 tt·

148 4123 206 4170 ore·
220 4111 427 4177 celeberrimos;
444 4109 543 4165 deinde
554 4108 710 4163 Tullonium
724 4115 753 4163 et
763 4105 939 4170 Priorusium,
992 4108 1083 4165 braria
1100 4109 1236 4180 repositus
1259 4117 1311 4166 est.
1335 4109 1431 4167 Nullus
1451 4110 1546 4168 dubito
1566 4114 1633 4185 quin
1650 4116 1723 4173 idern
1743 4118 1790 4174 ills

136 4205 242 4260 -minus
255 4211 334 4259 notos
348 4210 396 4257 aut
415 4216 513 4272 magna
537 4215 571 4256 cx
596 4208 676 4271 parte
694 4199 865 4271 deperditos3
885 4214 942 4255 vac
991 4201 1037 4267 sit,
1060 4202 1094 4257 de
1111 4218 1166 4273 quo
1180 4203 1208 4257 in
1229 4203 1349 4274 ejusdem
1369 4204 1486 4260 abbatie
1496 4204 1683 4278 chartulario,
1700 4228 1793 4284 nuper

148 4292 409 4365 carelessness·
435 4290 575 4363 rerayuu
596 4298 624 4347 u
647 4287 808 4361 Orioeremr
823 4288 942 4359 dentque
991 4295 1114 4367 eurum.
1128 4295 1380 4368 commoremur
1395 4315 1401 4351 :
1417 4296 1538 4353 bonnus
1552 4298 1792 4370 coruncanum·-

148 4383 268 4455 ambigui
284 4383 402 4439 nominis
424 4381 565 4448 Victorem,
588 4389 616 4437 ct
629 4379 759 4452 Figulum
777 4389 824 4436 aut
841 4379 942 4451 Friyu·
991 4401 1095 4441 cernon
1112 4386 1213 4440 modice
1223 4387 1422 4457 appretiationis
1441 4389 1572 4444 conscribi
1585 4390 1662 4461 fecit,
1674 4411 1792 4466 quorum

148 4476 224 4542 lum,
240 4476 273 4531 de
293 4491 347 4546 quo
360 4476 504 4541 hacteuus,
527 4472 599 4544 apud
611 4487 706 4528 omnes
721 4486 791 4542 quos
805 4472 939 4535 noverim,
991 4477 1083 4533 titulos
1100 4478 1135 4532 ud
1147 4479 1384 4535 commendandum
1397 4480 1456 4551 ey'ur
1466 4482 1584 4537 modium
1599 4483 1713 4540 breuiter
1726 4489 1793 4542 sui-

147 4567 233 4623 altum
248 4567 397 4623 silentium.
991 4578 1093 4625 nectere
1107 4586 1159 4624 uon
1177 4570 1261 4641 piyuit
1264 4610 1319 4625 .....
1333 4569 1439 4626 Lrsnuu
1455 4571 1617 4629 Oneurlnurr
1632 4591 1731 4633 noctus
1743 4596 1794 4633 ιιι-

183 4657 317 4715 l‘rmterca
341 4660 375 4716 ad
392 4659 463 4714 hauc
484 4658 659 4714 retexendam
672 4656 803 4713 catenam
828 4654 938 4709 Smara·
990 4674 1202 4716 rmnrrscvncuur
1219 4662 1247 4715 in
1267 4661 1320 4716 duo
1334 4659 1467 4717 columina
1478 4663 1625 4718 dicisum...
1640 4667 1793 4740 exinteyro

148 4748 230 4822 gdum
246 4749 324 4805 lucile
344 4749 497 4821 putaverim
517 4747 602 4804 luisse
619 4747 654 4802 ab
675 4746 772 4802 eodem
791 4745 938 4800 adductum
952 4718 978 4778 D
990 4751 1103 4822 otperto,
1116 4752 1170 4806 ωε.
1184 4752 1295 4821 poneris
1309 4751 1424 4825 selmon,

148 4838 248 4908 studio,
256 4856 309 4911 quo
320 4842 375 4896 hae
382 4848 544 4913 tempestate
554 4839 680 4896 certatim
693 4848 721 4894 ct
731 4837 808 4910 quasi
821 4838 938 4893 invicem
1024 4842 1115 4898 Codex
1128 4841 1201 4897 enim
1222 4843 1361 4898 mosterio
1380 4843 1448 4900 duos
1469 4852 1558 4902 tomos
1573 4846 1719 4914 dividitur,
1738 4866 1793 4907 sse·

147 4930 338 4999 (suspiravere
354 4930 669 4996 PaulusWarnelridus,
685 4925 938 4993 hlcuinusllraba-
988 4930 1079 4986 culum
1096 4947 1123 4985 xv
1140 4930 1275 5001 scriptura
1296 4929 1430 4998 referens,
1457 4948 1512 5003 quo
1533 4933 1641 4991 scilicet
1661 4945 1791 5010 temporo

147 5021 831 5094 nuslluurus,lisymollalhcrstadieusisqui,cum
840 5033 937 5074 recens
988 5020 1106 5077 loannes
1126 5023 1210 5077 abbas
1232 5019 1405 5096 (ressidet)
1422 5022 1644 5083 Sanbertinianis
1660 5040 1792 5096 precer-at.

146 5132 198 5190 per
210 5114 313 5172 Gallius
327 5113 434 5168 insuta
455 5114 550 5170 luisset
574 5115 704 5170 llomunae
720 5111 848 5168 Ecclesiae
860 5110 941 5165 litur·
991 5111 1099 5168 Primus
1108 5121 1198 5168 mmus
1210 5113 1370 5171 inscribitur
1381 5130 1412 5170 n·
1427 5130 1492 5182 xxv,
1506 5116 1646 5174 secundus
1658 5134 1690 5173 n·
1702 5136 1793 5187 xurrr;

146 5210 201 5282 gis,
221 5223 254 5263 uc
269 5215 350 5261 tantm
366 5205 478 5274 huiusce
491 5206 531 5261 rei
542 5216 638 5263 auctor
651 5206 805 5276 praecipuus
827 5201 941 5258 Carolus
991 5204 1057 5260 olim
1077 5204 1103 5258 in
1116 5204 1228 5260 libraria
1249 5204 1279 5260 S.
1298 5205 1401 5261 Bertini
1423 5219 1519 5276 praese
1540 5205 1670 5265 serebant
1690 5227 1793 5269 nvrmc-

146 5300 258 5355 nomine
276 5307 305 5353 ct
318 5297 416 5354 merito
436 5294 559 5366 llagnus,
580 5297 638 5367 ipse
658 5309 793 5367 quemque
810 5293 943 5365 peritissi·
991 5311 1037 5351 ros
1050 5295 1086 5350 85
1104 5294 1178 5351 et8l
1191 5312 1198 5362 ;
1213 5296 1289 5367 prior
1299 5296 1410 5366 insuper
1425 5296 1535 5352 titulum
1547 5297 1621 5353 hunc
1633 5310 1792 5369 recentem,

147 5404 234 5455 nmm,
252 5398 282 5444 ut
296 5397 412 5448 testatur
427 5385 542 5459 epistola
556 5387 591 5441 ad
605 5385 886 5452 Paulumdiaconum,
904 5385 937 5441 ad
991 5387 1072 5444 dorso
1085 5388 1237 5459 appositum
1256 5406 1264 5445 :
1281 5387 1419 5458 Expositio
1441 5387 1625 5461 Epistoicrum
1646 5401 1673 5446 ct
1698 5392 1792 5448 licon·

148 5481 322 5552 exponendas
344 5480 562 5549 emittendasquc
583 5478 611 5533 in
627 5477 724 5548 vulgus
743 5486 866 5533 veterum
889 5476 939 5531 Pa·
991 5478 1382 5550 peliomm;posteriorautem
1398 5493 1407 5532 ι
1424 5476 1601 5549 Hieronymus
1617 5481 1648 5534 in
1665 5481 1793 5552 Scriptu-

150 5580 223 5628 trum
237 5573 372 5640 homilias,
383 5575 482 5645 mribus
496 5570 609 5644 singulm
620 5569 751 5625 lectiones
766 5568 937 5622 illustraren-
992 5589 1059 5626 rem.
1070 5570 1261 5628 Codexcadem
1268 5585 1349 5625 manu
1358 5571 1656 5637 totuseraratur,satis
1666 5573 1790 5645 integer,

151 5674 209 5735 tur,
225 5669 382 5737 excitasset,
399 5670 619 5727 obsecundarunt
638 5665 710 5722 ultro
726 5663 794 5719 tanti
809 5662 939 5735 principis
992 5664 1085 5736 paucis
1108 5664 1181 5721 loliis
1206 5664 1251 5720 hic
1275 5663 1330 5720 illic
1353 5664 1481 5732 resectis,
1497 5670 1544 5718 aut
1565 5663 1720 5728 laceratis.
1748 5664 1788 5723 rel
