3810 6120
182 253 234 312 eit
264 284 265 288 ι
822 247 997 306 sunbacbl
1013 244 1157 300 nubatis
1757 251 1810 307 esd

182 367 270 424 Omne
282 364 352 434 quod
370 363 397 418 in
409 362 461 417 hac
470 362 524 416 rita
538 363 642 431 agimus
656 375 747 418 senten
760 367 801 416 cst
814 359 911 415 lutura>
926 375 968 414 re·
981 362 1007 421 Α
1019 358 1169 422 iracundia,
1182 373 1235 412 nen
1251 357 1330 413 laesus
1344 359 1475 427 meminit,
1489 376 1543 416 non
1557 361 1653 417 ridens
1666 363 1810 430 pulchram

183 456 347 514 tributionis.
366 455 426 523 ipsa
448 461 538 506 autem
561 453 704 508 retributio
728 453 831 508 tructus
855 460 896 508 est
910 467 972 522 epe
1022 447 1162 502 mulierem
1183 446 1342 511 delectatur,
1365 464 1418 502 nen
1433 449 1506 506 aliud
1523 451 1623 521 cogitat
1635 461 1664 507 et
1683 452 1757 509 aliud
1772 454 1811 510 le·

185 563 244 601 rum
266 544 447 615 presentium,
471 542 599 612 Apostolo
624 551 738 598 testante
754 544 799 614 qui
821 544 876 598 ait:
905 543 970 608 Quae
1020 536 1114 606 quitur
1128 554 1136 591 z
1150 538 1191 594 sic
1204 546 1232 592 ct
1242 554 1289 591 ros
1301 538 1352 593 nisi
1365 538 1444 594 talem
1460 540 1609 596 habueritis
1626 542 1810 599 innocentiam

183 641 251 694 euim
267 636 429 691 seminarunt
449 635 535 699 hamo,
552 636 607 688 truc
618 645 643 689 et
656 645 742 690 metet.
756 636 789 689 dr
801 636 845 705 qui
859 635 971 690 seminet
1020 636 1048 682 et
1061 628 1144 682 arrimi
1163 630 1320 699 puritatem,
1336 645 1448 699 regnum
1465 630 1597 686 coelorum
1619 647 1673 686 non
1686 634 1813 703 poteritis

181 728 210 781 in
222 743 311 790 cerne,
322 725 354 779 de
368 741 447 778 carne
469 734 545 777 metet
563 725 765 796 correptionem.
781 726 832 790 Qui
844 735 931 778 autem
942 725 970 777 in
1019 721 1132 777 intrare.
1147 721 1205 790 Qua
1220 738 1293 778 eninr
1309 723 1414 776 ratione
1433 721 1467 776 ad
1489 723 1675 779 innocentiam
1688 724 1812 781 iniantiae

181 819 285 888 spiritu,
306 816 339 870 de
360 816 454 886 spiritu
476 824 553 870 metet
570 817 648 870 uitem
666 827 790 870 uternam
806 814 905 887 (Galat.
919 813 967 883 rr).
1019 812 1564 883 pertenirepessimu's,Petrusaposteius
1575 816 1687 885 exponit
1700 816 1811 872 dicens:

183 906 217 961 Et
238 905 298 961 ideo
315 912 389 960 reete
412 904 511 959 dicitur
525 906 588 975 quia
608 903 713 960 tructus
723 903 836 972 justitiae
859 905 886 958 in
902 919 969 975 paca
1019 897 1182 969 Deponentes
1205 902 1285 971 ipitur
1307 918 1410 955 ornnem
1438 902 1577 968 maiitiam,
1600 915 1624 958 et
1640 920 1742 959 emnem
1765 907 1799 961 do

182 999 330 1055 seminantur
344 996 504 1055 iacientibus
517 1012 622 1066 pacem.
638 997 753 1051 Fructus
773 996 844 1049 enim
856 994 969 1062 justitiae
1019 989 1084 1054 ium,
1112 1001 1136 1044 et
1157 991 1346 1052 simulationes,
1370 1001 1393 1044 ct
1415 992 1539 1056 inuidiae,
1555 1002 1580 1046 et
1607 1010 1695 1047 omnes
1724 994 1814 1048 detra-
1875 1006 1880 1015 ·

181 1090 237 1144 vita
256 1097 356 1143 mterna
376 1095 428 1151 est,
450 1102 511 1157 quae
524 1081 651 1156 operibus
662 1085 775 1154 justitia
790 1086 966 1150 retribuitur;
1020 1081 1128 1144 ctionet,
1142 1080 1208 1133 sicut
1223 1079 1300 1132 meda
1313 1080 1393 1149 pertiti
1405 1080 1519 1150 infatuet
1531 1080 1699 1135 rationabiles
1716 1092 1741 1136 et
1756 1083 1814 1136 sinc

181 1181 245 1249 quia
258 1180 303 1248 qui
317 1179 457 1247 inquinmt
467 1194 561 1250 paoem
584 1188 733 1248 sequuntur
747 1194 817 1233 earn.
830 1178 890 1247 lpsa
902 1192 969 1247 pace
1019 1167 1080 1223 doto
1102 1167 1143 1222 iac
1158 1169 1343 1237 concupiscite,
1359 1179 1386 1222 ut
1401 1171 1427 1222 in
1448 1185 1478 1223 ee
1503 1171 1625 1224 crescatis
1648 1172 1676 1224 in
1698 1170 1813 1226 satutem

180 1271 223 1325 eui
238 1270 358 1335 student,
372 1268 449 1338 quasi
472 1269 573 1337 optima
588 1275 717 1333 sentiente,
734 1275 834 1322 terram
850 1267 891 1322 sui
906 1282 968 1322 oer-
1020 1257 1047 1331 (Ι
1062 1256 1136 1312 Patr.
1154 1259 1196 1318 ni·
1210 1258 1250 1313 Ac
1264 1259 1286 1312 si
1299 1258 1417 1314 diceret:
1428 1259 1496 1328 Quia
1507 1259 1565 1328 jam
1581 1261 1669 1316 renati
1682 1263 1750 1317 estis
1764 1277 1815 1333 per

180 1360 222 1416 dis
236 1368 394 1429 aspergunt,
407 1374 461 1426 que
477 1373 527 1427 per
544 1358 732 1426 quotidianum
747 1358 824 1412 hence
839 1356 971 1424 operatio-
1019 1364 1117 1418 aquam
1139 1350 1320 1418 baptismatis,
1339 1359 1367 1405 et
1388 1367 1437 1421 per
1452 1351 1570 1426 Spiritum
1584 1354 1671 1408 sancti
1692 1357 1813 1426 gratiam

179 1453 223 1507 nis
242 1458 411 1507 crementum
431 1449 465 1503 ad
488 1448 607 1504 fructum
630 1449 814 1503 valeantuitae
827 1448 970 1517 peruenire
1020 1440 1067 1494 filii
1089 1441 1134 1495 Dei
1154 1442 1217 1496 tacti
1239 1443 1304 1497 estis
1322 1458 1371 1512 per
1393 1443 1536 1512 baptisma,
1559 1453 1646 1502 estote
1669 1446 1750 1505 modo
1764 1463 1816 1518 per

180 1543 308 1599 aoelestis.
331 1542 434 1610 Deque
459 1541 523 1595 alibi
545 1541 675 1609 scriptum
699 1549 760 1596 est:
778 1540 829 1605 Qui
839 1541 969 1594 seminent
1019 1536 1136 1590 studium
1162 1536 1239 1590 henne
1254 1538 1480 1603 corruersatienis,
1496 1539 1590 1607 quales
1611 1551 1673 1595 sunt
1694 1540 1817 1598 inientes

179 1633 208 1686 in
227 1629 361 1701 iacrymis,
383 1631 411 1684 in
431 1630 528 1700 pendia
543 1639 637 1683 metent
651 1629 736 1698 (Pari.
753 1629 845 1701 cxxv).
862 1629 931 1684 llinc
942 1638 970 1683 et
1020 1641 1068 1696 per
1084 1636 1209 1680 naturam
1224 1627 1341 1681 innenim
1356 1629 1445 1683 aetatis
1461 1643 1468 1682 :
1494 1629 1587 1694 idest,
1603 1646 1658 1685 non
1679 1632 1816 1689 habentes

179 1721 280 1776 Paulus
299 1721 356 1774 ait:
373 1719 472 1788 ltcpieti
487 1718 575 1788 [ructu
594 1735 641 1788 per
660 1718 751 1772 terrim
774 1715 915 1782 Christum,
942 1718 970 1772 in
983 1703 1007 1760 Β
1021 1717 1162 1781 malitiam,
1180 1733 1234 1773 nen
1248 1717 1349 1783 dolum,
1373 1735 1426 1774 non
1442 1720 1639 1788 simulationes,
1654 1741 1708 1780 nen
1721 1726 1818 1780 detra·

178 1809 291 1880 plemam
310 1819 334 1862 et
357 1807 462 1863 laudern
481 1807 530 1861 Dei
555 1805 638 1881 (Phil.
659 1809 693 1878 ι).
718 1808 795 1865 lluno
809 1818 900 1864 autem
914 1798 969 1862 sru-

177 1907 251 1954 otum
262 1897 376 1966 justitia
396 1898 422 1951 in
439 1897 552 1967 epistola
567 1898 603 1952 ad
619 1896 730 1952 Galatas
743 1897 860 1953 inactum
881 1898 967 1967 Spiri-

178 2002 223 2049 tus
242 1993 391 2048 neminavit
410 1993 521 2047 dicens:
545 1989 660 2046 Fructus
673 2002 760 2045 eutem
783 1992 896 2062 Spiritus
919 2002 967 2056 eat,

177 2085 304 2148 aduritur,
317 2084 452 2154 pendium,
472 2099 537 2154 peu,
557 2084 695 2154 patientie,
714 2084 908 2155 lenpam‘mitat,
925 2084 968 2139 ho·

177 2176 257 2238 edas,
275 2174 429 2243 beaipnitas,
443 2173 628 2237 mansuetudo,
641 2174 718 2243 fider,
732 2175 869 2241 modestia,
883 2177 968 2229 conti-

178 2263 278 2326 nentia,
297 2262 402 2316 cueritus
415 2258 514 2331 (Galat.
528 2261 566 2332 v).
581 2262 639 2328 Quo
652 2263 793 2332 multiplici
812 2263 900 2319 fructu
911 2264 967 2318 vult

178 2367 227 2407 uos
243 2353 268 2406 in
290 2353 334 2407 dia
346 2351 446 2407 Christi
466 2350 531 2406 iesu
544 2366 604 2407 esse
624 2353 752 2422 repletos,
773 2353 800 2407 in
814 2355 927 2425 gloriam
940 2364 967 2409 et

177 2442 284 2496 laudem
299 2441 345 2496 Dei
358 2458 365 2506 ;
379 2441 442 2510 quia
456 2442 489 2497 de
499 2442 625 2497 omnihus
639 2444 717 2498 benis
731 2459 790 2513 quaa
804 2446 838 2502 ah
850 2445 908 2514 ipse
919 2460 966 2500 ae-

176 2533 307 2602 cepimus‚
325 2547 377 2586 uon
388 2531 477 2597 nobis,
490 2532 537 2586 sed
558 2532 608 2600 ipsi
624 2532 737 2602 gloriam
753 2542 781 2588 et
793 2533 899 2589 laudem
924 2550 967 2589 re·

177 2619 249 2677 torre
264 2622 393 2685 dehemus
405 2636 466 2676 eum
485 2621 625 2677 Psalmista
638 2623 778 2679 dicentes:
796 2623 858 2679 Non
880 2624 968 2689 erotis,

176 2711 299 2777 Domine,
314 2729 367 2767 non
377 2712 462 2776 nohis,
476 2713 521 2767 sed
538 2714 637 2767 nemini
647 2724 692 2767 tuo
702 2715 736 2769 du
751 2714 862 2785 pieriam
877 2711 963 2785 (Psoi.

1020 1811 1125 1867 etiones
1138 1811 1248 1883 (Epioe.
1261 1814 1316 1885 rr);
1332 1821 1359 1868 et
1369 1822 1399 1869 ut
1412 1816 1501 1870 omnis
1511 1818 1673 1883 amaritudo,
1683 1827 1713 1873 et
1726 1816 1817 1881 turer,

1019 1912 1047 1958 et
1060 1904 1111 1970 ira,
1127 1912 1154 1959 et
1167 1904 1328 1975 indignatio,
1342 1915 1370 1961 et
1385 1905 1528 1962 clamaret
1551 1906 1720 1977 blasphemia
1740 1907 1819 1964 teila-

1020 2002 1092 2049 tura
1108 1994 1186 2050 vohis
1199 2011 1261 2050 cum
1280 1997 1355 2051 omni
1377 1996 1491 2051 malitia.
1508 1997 1540 2052 Et
1554 1998 1606 2053 hec
1620 1998 1749 2054 modoad
1774 1998 1818 2053 in-

1019 2080 1132 2138 iantiam
1147 2084 1308 2138 innocentiae
1317 2092 1497 2150 reuertentes,
1507 2086 1585 2156 quasi
1595 2085 1817 2152 lacmatcrnum,

1018 2173 1172 2229 desiderate
1192 2173 1220 2227 iu
1242 2174 1320 2228 robis
1343 2181 1501 2228 sanctarum
1515 2175 1725 2244 scripturarum
1743 2177 1819 2232 rcci-

1017 2277 1082 2332 pere
1105 2264 1234 2331 uerbum
1260 2272 1290 2318 ut
1305 2265 1332 2318 in
1346 2279 1380 2320 eo
1401 2274 1567 2329 cresoeutes,
1583 2265 1616 2320 ad
1637 2281 1699 2321 eum
1713 2283 1816 2337 panem

1017 2354 1226 2426 pmticiscamini
1250 2354 1456 2420 comedendum,
1472 2355 1516 2426 qui
1530 2354 1562 2409 da
1584 2354 1648 2409 ceeia
1661 2355 1816 2421 descendit,

1017 2454 1041 2498 et
1053 2443 1124 2497 dedit
1138 2444 1215 2498 uitem
1230 2444 1328 2498 mundo
1342 2444 1433 2515 (doun.
1449 2445 1498 2517 ιι).
1513 2445 1613 2502 Paulus
1628 2455 1721 2502 autem
1733 2447 1771 2502 de
1781 2463 1813 2503 se

1016 2543 1045 2587 et
1055 2532 1217 2602 sequacibus
1229 2534 1286 2588 suis
1300 2534 1338 2588 ait
1353 2551 1359 2587 ε
1377 2532 1456 2589 Facti
1471 2552 1562 2590 sumus
1576 2537 1692 2605 paruisti,
1714 2537 1744 2593 itt
1758 2555 1816 2594 ute-

1016 2622 1061 2677 dio
1084 2632 1207 2689 restrum,
1231 2634 1356 2694 tanquam
1382 2626 1405 2679 si
1432 2627 1521 2681 nutrix
1545 2627 1631 2697 serent
1654 2627 1726 2696 iiiior
1749 2646 1816 2686 tuoe

1016 2713 1044 2786 (l
1060 2713 1149 2768 Thess.
1168 2715 1208 2785 ιι).
1227 2714 1422 2771 Sciebatenirn
1438 2718 1736 2789 illudevangelicum
1758 2721 1816 2776 he-

174 2800 263 2874 oaru).
280 2803 418 2858 Venerunt
432 2803 576 2872 aliquando
590 2804 643 2860 duo
663 2805 760 2859 iratres
772 2805 805 2860 ad
820 2807 964 2875 quemdam

175 2910 277 2951 mnam.
290 2893 462 2950 Consuetudo
472 2903 561 2950 auum
579 2905 638 2950 erat
653 2897 726 2951 senis
738 2911 790 2951 nen
801 2899 965 2953 nranrluoaro

174 2987 304 3057 quotidie.
319 2986 445 3053 Quicum
461 2987 574 3042 uidisset
589 2987 700 3053 iratres,
714 2990 834 3060 gaudens
847 2992 965 3060 suscepit

176 3091 233 3143 ees,
245 3086 273 3132 et
287 3078 375 3131 dixit:
389 3077 524 3147 chrrnium
544 3094 620 3133 suain
642 3081 793 3134 mercedem
808 3074 897 3135 habet.
913 3077 964 3136 l'te·
978 3068 1000 3128 C
1016 3089 1137 3138 suorum,
1153 3084 1183 3128 ut
1196 3084 1223 3130 et
1242 3076 1295 3130 illis
1310 3077 1463 3146 exemplum
1485 3077 1618 3147 preberet
1632 3080 1814 3150 humilitatis,

175 3183 247 3231 rurn,
260 3168 305 3235 qui
320 3167 466 3221 manducat
477 3169 764 3238 proptercharitatom,
776 3171 829 3225 diro
840 3171 965 3226 mandata
1016 3174 1044 3218 ot
1067 3164 1177 3218 sibimet
1198 3166 1339 3235 praemium
1355 3168 1512 3237 acquireret
1531 3168 1740 3228 humiliationis
1765 3173 1815 3230 ut-

175 3257 279 3327 implet,
306 3257 432 3325 queniam
449 3256 614 3312 voluntatem
632 3258 768 3327 propriam
793 3259 963 3328 derelinquit,
1016 3255 1131 3310 dandum
1151 3265 1238 3312 marren
1255 3260 1390 3329 quomodo
1404 3261 1456 3316 hoc
1468 3262 1495 3316 in
1509 3262 1570 3318 leco
1583 3262 1758 3320 laudabiliter
1771 3266 1813 3322 di·

174 3357 203 3403 ct
213 3348 368 3402 mandatum
382 3348 485 3416 implet,
500 3347 624 3402 reficiens
643 3347 751 3403 iratres
769 3349 842 3402 Dixit
855 3351 965 3419 quidam
1016 3354 1070 3411 eat,
1083 3347 1147 3415 [acsi
1158 3366 1248 3404 sarrana
1261 3351 1374 3421 parenti,
1387 3367 1448 3407 cum
1461 3353 1515 3409 alie
1528 3354 1588 3410 lam
1598 3355 1672 3411 dieat
1684 3376 1692 3410 :
1706 3358 1813 3414 ιιιιιιιιι

174 3439 284 3495 Petrum
299 3458 304 3492 z
321 3439 378 3493 Nisi
392 3439 468 3508 prius
481 3439 543 3495 edio
561 3439 688 3496 habueris
708 3440 783 3506 vitia,
799 3457 850 3495 nen
864 3443 965 3511 peteris
1016 3455 1067 3492 non
1083 3441 1226 3509 efficiantur
1239 3443 1343 3512 paruuli
1359 3442 1385 3514 (l
1399 3443 1460 3498 Car.
1475 3446 1550 3516 urr);
1564 3447 1699 3515 quomedo
1712 3448 1813 3505 volun·

173 3529 295 3601 diligere.
315 3528 371 3584 liisi
389 3545 452 3600 orgo
468 3529 557 3584 oderis
571 3538 722 3600 peceatum,
745 3547 798 3585 nen
815 3531 899 3588 iacies
919 3532 964 3600 ju·
1016 3527 1084 3581 tarie
1100 3526 1163 3583 iacti
1184 3542 1247 3585 sunt
1262 3532 1367 3601 paruuli
1389 3533 1512 3590 taetantes
1532 3550 1593 3591 esse
1616 3537 1734 3606 parvuli.
1757 3536 1814 3595 Sed

175 3621 287 3676 stitiam.
303 3619 511 3689 scriptumest:
530 3620 640 3676 liceiirra
655 3640 671 3675 e
684 3621 764 3688 maio,
777 3632 801 3677 ct
814 3623 857 3692 tac
869 3625 964 3679 ionum
1014 3620 1108 3690 quales
1132 3636 1182 3676 nes
1205 3624 1333 3692 parrulos
1346 3627 1438 3696 cupiat
1451 3641 1512 3682 esse
1527 3626 1637 3693 Paulus,
1652 3628 1711 3699 ipae
1722 3643 1813 3701 expe·

121 3694 128 3705 ⁹
177 3708 264 3780 (Prot.
279 3710 386 3781 xxxiii).
401 3711 592 3765 icrtrmtarnen
605 3712 631 3765 in
646 3713 771 3767 oninibns
786 3713 828 3768 his
839 3716 963 3782 proposi·
1014 3736 1082 3775 nens
1104 3723 1143 3774 ait
1167 3720 1295 3776 :Malitia
1324 3722 1428 3793 paruuli
1453 3722 1533 3777 estate
1558 3723 1584 3795 (l
1599 3721 1746 3797 Coram).
1777 3727 1812 3783 Bt

174 3810 232 3855 tum
253 3801 335 3855 animi
351 3801 450 3869 ubique
474 3801 631 3870 requiritur.
654 3802 739 3856 Adam
754 3804 828 3858 onim
845 3806 871 3859 in
887 3822 965 3874 pura·
1013 3810 1106 3879 quales
1120 3828 1169 3867 nos
1182 3827 1241 3867 esse
1261 3812 1388 3881 parrulos
1401 3829 1455 3867 nen
1476 3813 1567 3883 cupiat
1587 3814 1645 3884 ipse
1665 3815 1811 3873 subdendo

173 3891 232 3947 diso
244 3892 394 3947 consistens
409 3892 600 3963 priunumieatus
615 3903 656 3948 cst
671 3895 826 3949 illaudatum
841 3897 900 3962 lici,
912 3897 963 3953 ioh
1013 3897 1179 3971 manifestat,
1194 3905 1288 3962 dicens
1303 3921 1310 3959 ι
1333 3904 1441 3962 lirinum
1460 3924 1512 3962 nen
1536 3911 1680 3980 efficiamur
1692 3912 1810 3982 parasii,

172 3990 262 4034 autom
282 3979 310 4033 in
329 3988 449 4034 stercore
463 3980 571 4047 sedens,
593 3982 747 4036 custodiuit.
766 3983 841 4039 Unde
858 3995 963 4042 constat
1011 3999 1179 4066 pacianum,
1202 4009 1226 4053 er
1249 4016 1301 4054 510„
1323 3994 1543 4072 circumferamus
1565 4005 1637 4058 omm·
1660 4014 1738 4060 ωηο
1759 4007 1811 4061 ὼ.

172 4072 243 4142 quod
256 4071 424 4141 propesitum
437 4071 537 4126 bonum
553 4072 650 4141 quaerit
666 4071 737 4128 heus
750 4075 784 4128 ab
797 4074 914 4141 homine,
935 4087 962 4132 et
1011 4089 1283 4160 ctrinoetdptrcs.1v).
1296 4090 1368 4162 Ergo
1380 4090 1448 4150 hene
1457 4093 1562 4149 duobus
1574 4094 1662 4150 modis
1675 4094 1812 4152 allicimur

1018 2803 1091 2858 mino
1106 2804 1209 2859 dietum
1224 2823 1230 2858 :
1250 2804 1406 2876 Quicunque
1419 2807 1596 2862 humiliaverit
1609 2824 1648 2874 ee,
1663 2810 1730 2864 sicut
1748 2828 1816 2880 par·

1016 2893 1090 2947 ouius
1114 2895 1172 2959 iste,
1187 2894 1230 2948 hic
1245 2905 1282 2948 est
1308 2895 1434 2964 baojaria
1459 2913 1536 2968 reque
1553 2897 1678 2953 emiorum
1700 2898 1813 2971 (anm

1017 2984 1106 3055 xviri).
1134 2985 1197 3039 ldoo
1221 3001 1251 3040 se
1276 2986 1438 3043 humiliabat
1463 2990 1491 3043 in
1508 2989 1597 3045 medio
1617 2990 1814 3062 discipulerum

172 4170 201 4217 ut
216 4177 324 4233 semper
338 4163 430 4217 timeat
444 4177 516 4217 eum.

467 4252 580 4310 cabul
598 4254 667 4311 nix.

268 4344 302 4400 Ut
315 4345 348 4399 ad
362 4346 538 4400 innocentium
555 4357 714 4401 reuertamur
729 4349 858 4419 irrfaruire.

1012 4178 1125 4246 parvuli,
1146 4180 1238 4246 idest,
1254 4181 1379 4238 habendo
1398 4191 1425 4236 et
1447 4199 1501 4237 noa
1514 4184 1650 4239 habendo.
1676 4184 1810 4242 ilabeado

1011 4270 1209 4336 intrintilitatem,
1234 4274 1379 4342 puritatem
1400 4283 1428 4330 et
1450 4277 1654 4341 innocentiam,
1679 4293 1736 4357 non
1762 4281 1810 4335 ha·

1011 4360 1097 4414 hendo
1111 4361 1252 4428 malitiam,
1269 4364 1359 4418 delum
1372 4374 1401 4420 et
1419 4367 1558 4421 invidiam.
1576 4367 1696 4436 Apostoli
1713 4380 1808 4425 atatem

204 4436 335 4492 Dominus
349 4437 376 4489 in
391 4437 536 4507 Evangelio
552 4438 608 4492 ait:
626 4438 783 4494 Attendite
802 4442 884 4506 tebit,
909 4411 998 4498 nisiD
1013 4451 1117 4519 paruuli
1131 4452 1194 4507 iacti
1215 4464 1278 4508 sunt
1296 4471 1350 4509 non
1363 4456 1487 4512 hahendo
1509 4458 1652 4524 malitiam,
1663 4459 1761 4516 dolum
1782 4469 1811 4516 et

170 4527 286 4581 conuersi
298 4526 411 4596 fueritis,
426 4527 609 4596 ctefflcirmini
630 4530 697 4582 sicut
709 4531 823 4600 paneadi,
843 4550 895 4588 aen
917 4535 959 4589 in·
1014 4537 1157 4605 irrrirlianr;
1178 4540 1242 4596 iacti
1262 4553 1326 4598 sunt
1349 4545 1451 4613 magni,
1474 4547 1808 4615 habendohumilitatem,

171 4615 272 4669 trahitis
294 4617 322 4669 in
336 4632 443 4685 reprime
458 4617 581 4672 ceterum
596 4620 702 4691 (itania
718 4624 806 4695 xviri).
829 4624 886 4681 lloc
906 4641 960 4682 non
1013 4628 1157 4697 puritatem
1172 4641 1200 4685 et
1213 4633 1407 4702 innocontiam,
1421 4637 1571 4707 insaporet
1584 4639 1712 4694 habende
1728 4640 1810 4696 uber·

171 4704 258 4758 solum
273 4704 401 4773 apostolis
416 4707 697 4776 praecepitDeminns,
722 4712 770 4766 sed
794 4721 820 4766 et
835 4715 960 4770 orionibus
1013 4725 1097 4772 tatem
1123 4721 1261 4787 doctrinar,
1287 4725 1320 4779 de
1341 4740 1395 4794 qua
1416 4736 1546 4797 tanquam
1571 4728 1677 4792 nutrix,
1706 4729 1810 4786 Paulas

171 4797 198 4850 in
215 4811 243 4850 se
257 4796 429 4852 credentibus
440 4798 486 4867 qui
501 4799 613 4869 cupiunt
624 4801 650 4854 in
666 4818 777 4874 regnum
792 4805 894 4860 intrare
905 4823 959 4863 coe·
1012 4827 1076 4868 suos
1098 4813 1208 4871 serebat
1233 4818 1322 4882 tilios,
1346 4822 1445 4890 quibus
1469 4831 1497 4878 et
1517 4822 1627 4878 dicebat
1643 4842 1649 4878 :
1666 4824 1808 4897 Tanquam

170 4881 268 4938 loriam.
285 4882 341 4937 Nou
357 4900 422 4954 erge
435 4885 512 4940 nohis
523 4888 680 4958 praecipitur
696 4900 724 4944 ut
737 4902 844 4948 sutatcur
860 4896 958 4952 lrabea-
1009 4905 1125 4974 pareuiis
1141 4909 1168 4960 in
1181 4908 1295 4976 Christo,
1310 4910 1352 4966 ier
1366 4913 1435 4967 reiis
1454 4924 1545 4984 petum
1558 4914 1634 4980 dedi,
1649 4931 1808 4971 nemeaeum

170 4991 230 5030 mus
254 4976 437 5046 paruulorum,
458 4981 505 5034 scd
526 4989 555 5034 ut
570 4985 803 5041 conversationem
819 4996 959 5045 mnuamus
1010 4992 1037 5064 (l
1052 4994 1113 5050 Cer.
1129 4999 1170 5069 tn)

169 5070 342 5136 innocentia,
356 5080 383 5126 et
405 5076 477 5142 qued
500 5075 538 5130 illi
552 5092 600 5145 por
614 5093 700 5133 annos
712 5081 852 5148 possident
873 5082 947 5138 inian

170 5159 224 5224 tia,
240 5175 289 5214 nos
303 5161 489 5230 possideamus
501 5178 549 5232 per
561 5167 708 5234 puritatem
728 5168 904 5237 innocentiae,
928 5182 956 5227 ut

168 5249 283 5316 malitia,
299 5266 353 5304 uon
378 5252 509 5320 sapientia
527 5257 633 5323 parvuli
657 5259 750 5313 simus.
767 5259 836 5315 ilino
858 5262 955 5317 iterum
1045 5263 1140 5322 Petrus
1155 5267 1182 5321 in
1198 5269 1317 5338 Epistola
1329 5288 1378 5327 sua
1393 5275 1549 5345 ait2h'tipsi
1562 5289 1688 5350 tanquam
1702 5280 1808 5352 Iapides

169 5339 227 5409 ipse
241 5340 370 5394 heririnus
384 5340 439 5392 ait:
457 5339 609 5414 Quicunque
622 5361 682 5416 erqo
695 5346 871 5407 ltunriiiaeerit
881 5367 908 5404 se
918 5351 955 5404 si·
1008 5355 1059 5410 aiei
1070 5360 1318 5428 superedificemini
1340 5364 1431 5418 domos
1449 5366 1601 5436 spiritualer
1616 5367 1645 5439 (Ι
1663 5368 1741 5424 l'etr.
1760 5372 1803 5440 u).

168 5443 211 5483 cac
236 5431 362 5501 paruulus
385 5433 443 5497 iste,
459 5433 501 5486 hic
516 5445 553 5488 est
576 5437 663 5507 major
683 5438 710 5492 in
733 5456 811 5511 repne
833 5440 956 5495 culorum
1010 5447 1226 5518 Supermdihcari
1252 5455 1313 5511 illes
1333 5457 1411 5522 dicit,
1435 5461 1498 5528 quia
1523 5461 1583 5515 sine
1604 5462 1723 5518 hennino
1740 5462 1804 5517 iesu

168 5518 275 5587 (llattlr.
301 5519 390 5592 xrrrr).
413 5521 495 5589 Quasi
520 5525 642 5580 diceret:
665 5528 742 5582 Sicut
763 5530 814 5585 iste
828 5531 957 5599 parvulus
1009 5537 1129 5607 Christo,
1153 5541 1239 5613 lapide
1254 5546 1359 5602 seilicet
1373 5549 1451 5612 viro,
1475 5550 1548 5605 nulla
1562 5551 1709 5607 aeditteatio
1724 5554 1805 5624 spiri-

168 5606 254 5677 (eujus
271 5614 346 5669 ralis
370 5616 523 5686 exemplum
545 5617 646 5690 tribue)
671 5635 724 5674 non
748 5632 907 5690 perseuerat
929 5625 954 5679 in
1011 5631 1176 5690 tuaiisstare
1199 5646 1296 5702 putent.
1314 5637 1527 5696 Fundamentum
1547 5643 1711 5698 errimriirrd
1727 5662 1803 5700 neura

1174 5037 1181 5052 ί

1306 5090 1420 5149 catur
1441 5093 1496 5149 tx.

1114 5175 1154 5231 De
1168 5195 1198 5231 ee
1210 5180 1280 5249 quod
1291 5181 1360 5250 justi
1377 5183 1478 5255 lapides
1493 5185 1544 5241 m'ei
1556 5199 1693 5244 recuratur.
