3810 6120
171 361 207 420 l3
417 355 674 415 cettecvtenes
693 354 727 411 iN
745 351 853 412 EPlST.
874 352 918 410 ΕΤ
938 352 1065 412 enxhu.
1081 382 1116 395 -
1134 350 1389 410 tvnoonacttus
1407 348 1564 408 LECTORI.
1771 350 1804 408 li

169 478 209 534 tra
229 479 259 524 ct
280 467 325 522 hic
347 464 512 539 smaragdus
535 463 707 535 paucissimis
728 463 859 517 hactenus
881 469 963 517 notus
976 467 1001 525 Α
1014 463 1048 517 le.
1060 461 1139 516 Corte
1149 460 1195 515 bie
1203 469 1299 516 auctor
1307 460 1394 530 qualis
1405 458 1676 529 qualisjudieeturca
1687 459 1804 516 dexteri·

170 547 233 611 luit,
243 547 273 595 ut
284 553 335 592 nec
348 538 380 592 de
395 537 502 592 nouriue
512 535 662 590 constiterit
675 533 830 602 quidquam.
851 532 884 585 Et
897 546 962 586 ecee
1013 542 1069 587 tate
1085 533 1166 585 istum
1180 531 1402 586 commentarium
1416 545 1448 584 ex
1463 530 1660 599 probatissimis
1677 530 1805 586 Ecclesia}

169 617 221 674 dri
230 615 365 688 μηχανοῦς
376 607 446 677 quod
457 606 566 671 dicitur,
578 605 659 659 incidi
677 604 702 656 in
716 603 770 657 duo
785 600 964 673 smaragdina
1013 602 1149 666 Patribus,
1165 601 1291 671 Origene,
1307 600 1468 670 Augustino,
1490 599 1682 669 Chrysnstorno
1696 609 1724 656 et
1743 600 1806 657 aliia

170 683 308 740 volumina
334 677 452 746 antiquis
474 676 677 731 ciraraetevibus
699 670 800 727 affabre
820 671 847 724 ιιι
874 685 962 724 mem·
1013 671 1197 735 concinnavit,
1211 671 1295 739 utqui
1314 686 1376 724 cum
1398 670 1505 724 sitiente
1518 671 1573 723 veri
1588 672 1678 724 animo
1698 671 1805 741 legerit,

169 756 254 810 brana
270 748 416 818 descripta,
431 747 528 815 quihus
542 745 660 815 adiutus,
674 741 792 817 maxime
810 755 875 795 vcro
889 742 963 795 odro-
1014 743 1124 797 onorino
1148 740 1174 795 id
1198 750 1361 808 experturus
1374 740 1419 802 sit,
1440 741 1510 808 quod
1532 740 1655 794 tribuunt
1676 741 1803 810 gemmis,

169 832 287 948 gypsea,
309 828 337 874 ct
356 826 386 872 ut
404 818 443 872 sie
466 816 553 871 dicam
570 811 745 884 originalibus
767 810 962 865 catholicorum
1015 813 1087 881 quod
1097 825 1149 865 non
1161 811 1297 866 oblectent
1309 811 1398 873 modo,
1413 811 1459 864 scd
1474 811 1556 863 certis
1575 812 1658 864 ctiam
1676 811 1804 866 remediis

191 882 755 949 ²1t⁰m8³ss0¹¹⁰⁰ffl0dl⁰0llcumshborss
771 887 798 933 θῑ
811 878 963 950 diligentia,
1013 882 1116 951 juvent,
1131 896 1184 935 uon
1200 879 1285 934 solnm
1301 879 1454 935 eruditione
1466 879 1569 949 piaque
1589 881 1710 936 lectionis
1731 880 1806 936 oble-

170 967 243 1019 hune
259 966 420 1030 presentem
434 962 582 1018 auctorem,
598 962 628 1007 ut
647 951 846 1013 restitueretur,
866 956 894 1004 ct
912 962 962 1003 eeu
1016 952 1142 1013 ctatiene,
1168 966 1262 1004 verum
1284 948 1403 1004 cliicacia
1418 950 1553 1014 remedia,
1577 960 1671 1006 eontra
1693 960 1807 1008 cunctos

169 1046 276 1103 gemma
293 1029 338 1083 diu
353 1025 509 1082 abscundita
531 1038 546 1077 e
564 1023 683 1077 tenebris
701 1028 844 1075 eruerehn
857 1019 965 1078 curavi,
1016 1021 1167 1074 arrimurum
1185 1021 1305 1083 nrorlxos,
1326 1035 1379 1073 non
1395 1019 1402 1072 i
1439 1019 1445 1071 ι
1465 1020 1612 1089 percipient
1627 1030 1742 1088 uotum,
1757 1022 1806 1076 sed

169 1106 264 1158 Creea
275 1108 304 1155 et
315 1097 438 1160 diceres,
458 1108 518 1163 qvue
538 1092 680 1163 aliquoties
695 1091 762 1146 citat
782 1089 824 1145 vir
841 1087 964 1144 maditus
1015 1100 1042 1144 et
1056 1091 1116 1144 aliis
1135 1091 1342 1145 subministrare
1351 1089 1409 1143 vale
1429 1099 1486 1153 unt,
1499 1099 1525 1143 et
1538 1092 1571 1145 ad
1588 1091 1613 1144 id
1626 1092 1805 1154 instruentur,

170 1163 799 1241 (undeconiecturamnobispraebetlinguarum
812 1157 963 1230 cognitione
1016 1167 1045 1215 ιιι
1062 1158 1189 1214 Ecclesiae
1203 1160 1303 1214 Christi
1326 1175 1396 1214 nune
1417 1175 1504 1222 nurte,
1524 1162 1591 1230 proh
1617 1160 1704 1214 dolor!
1729 1163 1809 1217 dissi-

170 1243 282 1295 minimc
303 1233 435 1305 caruisse)
456 1237 496 1290 sie
509 1243 588 1289 erant
601 1230 693 1286 mutila
714 1237 741 1284 et
755 1229 910 1297 depravata,
932 1237 963 1281 ut
1014 1238 1093 1298 pate,
1104 1240 1133 1284 et
1146 1244 1206 1284 eom
1216 1229 1345 1284 doctrinae
1359 1237 1414 1283 tum
1430 1229 1491 1283 vite
1505 1230 1631 1299 periculis
1641 1247 1694 1284 non
1713 1231 1808 1300 paneis

170 1312 216 1364 vix
230 1311 334 1364 cineres
348 1315 375 1361 et
389 1308 500 1360 umbras
516 1303 667 1357 litterarum
683 1300 775 1353 videre
795 1298 964 1379 quis'pgtue·
1015 1301 1134 1369 graviter
1159 1297 1275 1361 afflictae,
1298 1299 1404 1353 blelcm
1426 1314 1537 1366 οιιιιιιιιιι
1560 1301 1727 1381 impendant,
1754 1315 1807 1370 qua

171 1381 219 1443 rit,
232 1387 291 1433 utut
300 1378 420 1447 lynceus.
436 1375 477 1429 hd
488 1375 545 1428 hac
556 1371 674 1426 carmina
685 1384 746 1438 ‹111ae
755 1383 788 1422 cx
802 1365 965 1422 Christianis
1013 1370 1091 1423 electi
1101 1369 1202 1423 Christi
1215 1370 1314 1437 ubique
1327 1370 1353 1422 in
1364 1369 1417 1421 lide
1427 1384 1494 1437 pura
1507 1369 1620 1434 Christi,
1634 1373 1659 1424 iu
1671 1371 1808 1440 agnitione

171 1450 269 1516 poetis,
285 1446 405 1510 Sedulio,
423 1442 570 1499 Prudentia
586 1449 613 1496 ct
626 1440 687 1497 aliis
698 1440 773 1501 citat,
795 1437 965 1506 quibusora-
1014 1438 1146 1503 veritatis,
1162 1453 1221 1507 quae
1235 1447 1276 1493 est
1289 1439 1322 1492 ad
1333 1438 1472 1508 pietatem,
1487 1439 1513 1492 ιιι
1524 1453 1598 1509 spem
1613 1440 1673 1493 vite
1686 1450 1808 1506 taleme,

173 1520 273 1571 tionem
288 1514 512 1571 suaminterdum
532 1527 580 1567 ceu
603 1508 716 1566 stellulis
737 1508 837 1572 lucere,
854 1514 883 1560 ct
901 1520 964 1561 seu·
1013 1509 1117 1565 indies
1142 1509 1227 1577 magis
1249 1523 1281 1561 ae
1303 1509 1389 1578 magis
1410 1508 1560 1578 ungamur,
1584 1510 1757 1579 proficiamus
1780 1518 1809 1565 ot

172 1587 316 1640 tenuiorum
329 1583 471 1655 gemmulis
485 1582 571 1636 nitere
588 1578 663 1644 lacit,
684 1579 752 1643 hace,
771 1576 832 1632 dedi
851 1590 963 1645 operam
1032 1579 1234 1643 candescentes,
1248 1586 1278 1631 ut
1291 1593 1340 1648 per
1358 1593 1401 1631 mu
1415 1589 1456 1632 tos
1470 1579 1553 1648 gioria
1566 1580 1623 1645 ilci,
1636 1581 1743 1650 publica
1754 1582 1808 1635 ug.

109 1700 123 1714 .
172 1653 427 1724 utinoliensiuslegi
441 1650 708 1732 possintetplanius.
729 1646 961 1717 Haneergoqua-
1013 1594 1076 1704 intas
1099 1658 1126 1703 et
1146 1647 1253 1718 publiea
1273 1647 1401 1704 honestas
1422 1658 1623 1716 promoveatur,
1647 1651 1718 1720 quod
1740 1650 1809 1705 laxit

172 1724 447 1793 lemeunqueoperam
459 1721 618 1776 meamhure
627 1715 960 1788 Smaragdorestitueude,
1014 1718 1149 1775 Christus.
1161 1718 1257 1774 Amen.

170 1792 398 1862 exspoliendoque
404 1790 683 1859 collocatam,optime
693 1788 787 1853 lector,
794 1786 964 1841 bouieonsu·
977 1777 1001 1836 B

787 2003 912 2082 tttTh
950 2000 1207 2078 SMdeGDI

620 2176 764 2220 AUCTORE
785 2174 963 2217 TillTliEbssO
983 2175 1107 2217 nonme
1132 2173 1365 2220 sennhenttsn'St.

207 2346 373 2416 Smaragdos
393 2344 475 2399 abbas
496 2341 652 2398 monasterii
672 2342 760 2397 saneti
780 2341 919 2396 llicbaelis
933 2342 960 2396 ιιι
1013 2342 1059 2397 lib.
1073 2343 1205 2398 nnumin
1220 2340 1376 2467 gsalterium
1392 2347 1477 2395 totum
1492 2339 1539 2395 lib.
1560 2358 1652 2397 ιιιιιιιιι.
1666 2342 1695 2398 ιιι
1709 2343 1808 2416 episte-

170 2417 304 2479 Samma,
315 2414 416 2469 ordinis
434 2413 488 2468 divi
501 2412 590 2466 Patris
603 2411 749 2472 Benedicti,
766 2412 808 2467 vir
820 2412 848 2465 in
862 2411 961 2466 divinis
1013 2413 1054 2467 ias
1074 2422 1101 2468 et
1112 2414 1220 2484 Evangc
1233 2414 1256 2466 ia
1280 2427 1328 2482 per
1343 2411 1472 2466 circulum
1487 2413 1551 2466 auru
1567 2413 1651 2470 libros
1668 2415 1805 2473 undecim.

171 2486 321 2557 Scripturis
334 2483 553 2544 valdceruditus‚
580 2489 607 2535 et
629 2481 961 2538 saeculariumiitteravum
1015 2481 1161 2539 Sermones
1186 2484 1219 2537 ad
1243 2483 1341 2536 lratres
1363 2491 1391 2536 et
1413 2482 1479 2537 aiios
1499 2483 1598 2537 librum
1616 2499 1708 2538 urium.
1734 2482 1808 2569 Opus

170 2573 225 2611 nou
239 2557 357 2624 ignarus,
378 2553 484 2623 ingenie
506 2560 612 2618 acutus,
639 2568 764 2608 sermone
784 2553 958 2623 compositus,
1014 2570 1120 2623 quoquc
1132 2555 1237 2625 insigne
1250 2552 1284 2607 de
1298 2551 1452 2617 virtutibus,
1475 2556 1546 2622 quod
1564 2556 1725 2623 prenotavit
1740 2556 1804 2612 lha-

171 2628 227 2679 vita
237 2634 265 2679 et
275 2624 479 2680 eonvemnioue
488 2622 608 2690 devotus,
626 2632 654 2680 et
663 2623 795 2694 regularis
812 2622 961 2692 discipline
1014 2627 1090 2679 dena
1106 2622 1382 2680 nauseamentis
1402 2638 1509 2693 quoque
1524 2625 1606 2678 multa
1627 2631 1682 2679 tam
1697 2627 1724 2679 in
1738 2626 1807 2682 divi·

170 2695 325 2751 moderatur
345 2695 552 2757 celeberrimus,
575 2692 601 2746 in
627 2693 793 2762 exponendis
813 2690 961 2774 Scriptnris
1014 2694 1057 2747 nis
1072 2709 1153 2764 quam
1175 2691 1399 2747 insecutoribus
1422 2692 1569 2763 scripturis
1586 2696 1719 2751 volnrnina
1742 2696 1808 2751 seri-

171 2764 290 2829 sanctis,
320 2780 419 2819 nomen
443 2779 522 2817 suum
545 2763 622 2832 longe
644 2762 751 2840 lateque
777 2763 910 2829 innotuit,
934 2768 962 2814 et
1014 2763 1217 2887 &tesedicitnn
1238 2762 1343 2831 quaead
1358 2777 1453 2816 uranus
1475 2773 1644 2819 nostrosnon
1664 2774 1805 2820 verterunt.

172 2850 217 2888 ma
237 2851 297 2888 nam
311 2833 471 2889 eruditionis
494 2833 592 2886 lamam
612 2832 737 2888 obtinuit
762 2830 876 2901 Scripsit
889 2828 960 2884 enim
1046 2834 1117 2888 aruit
1127 2833 1292 2902 temporibus
1301 2831 1447 2886 Ottbonum
1462 2834 1541 2901 primi
1552 2844 1578 2887 ct
1590 2837 1700 2889 secnudi
1711 2834 1807 2890 claris·

171 2920 200 2958 nn
229 2911 256 2958 ta
279 2904 407 2974 preclara
429 2902 574 2963 volumina,
598 2903 631 2956 de
651 2901 750 2971 quibus
771 2909 879 2955 exstant
898 2899 963 2955 sub-
1015 2903 1145 2958 simorum
1157 2902 1348 2973 imperatorum
1359 2914 1383 2955 ¹.

170 2972 253 3044 jecta.
266 2974 295 3028 lu
309 2973 430 3043 ηςιιιιιιι
447 2972 612 3028 sanctissimi
625 2970 714 3026 Patris
727 2972 811 3026 nostri
824 2968 962 3026 benedieti

209 3097 223 3126 ⁸
235 3084 479 3141 hnaebronismum
490 3093 575 3151 certe,
587 3094 618 3139 ut
626 3082 681 3153 iam
692 3085 817 3154 superius
834 3084 961 3139 diximus.
981 3082 1060 3137 Entr.

750 3298 818 3410 D.
869 3294 1227 3410 shhuhenl

232 3492 272 3553 ΙΝ
290 3489 589 3556 COLLECTIONES
610 3489 1306 3633 EPISTOLSAARIgJChirgTPlfllglFbssTlillgORUM
1329 3493 1383 3553 DE
1403 3492 1593 3557 TEMPORE
1621 3498 1671 3558 ET
1693 3500 1746 3560 DE

208 3748 327 3805 Cernem
344 3746 372 3801 in
393 3745 512 3803 Ecclesia
526 3747 656 3818 plurimos
670 3749 821 3805 divinarum
839 3750 962 3823 Scriptu-
975 3755 997 3818 c
1012 3751 1095 3807 veluti
1112 3751 1242 3807 lerculum
1254 3751 1338 3807 variis
1352 3752 1457 3810 deliciis
1470 3756 1588 3827 plenum,
1601 3759 1673 3816 hune
1683 3776 1732 3818 nos
1744 3762 1806 3820 dili·

172 3855 264 3894 rarum
274 3837 403 3908 mysticos
415 3837 548 3909 sagaciter
564 3838 721 3906 perquirere
735 3853 841 3905 seusus,
855 3854 963 3896 earum·
1012 3843 1085 3913 genti
1107 3842 1204 3897 lectori
1224 3842 1361 3898 modicum
1385 3847 1545 3914 apponimus
1568 3849 1676 3915 librum,
1695 3860 1725 3906 ut
1741 3868 1804 3908 cum

171 3944 225 4000 quc
237 3928 341 3999 typicos
352 3927 463 3982 mavelle
476 3927 620 3999 decerpere
635 3926 748 3995 tructus,
761 3930 833 3986 hune
848 3932 962 3986 exmu1·
1012 3933 1064 3988 hoe
1081 3931 1245 3987 ambrosium
1256 3932 1346 4003 palato
1362 3936 1460 3991 mentis
1474 3939 1629 4007 probaverit
1643 3950 1760 4012 gustum,
1775 3943 1804 3997 in

172 4021 311 4086 tisunum‚
322 4018 510 4089 allegoriarum
523 4018 633 4074 boribus
650 4020 758 4091 plenum
777 4023 870 4076 curavi
885 4022 962 4079 eolli-
1012 4025 1164 4079 divinarum
1172 4024 1373 4094 Scripturarum
1383 4032 1802 4105 secxcreensiatissimocampo,

170 4127 236 4182 gere
248 4111 357 4176 librum,
370 4120 398 4166 et
410 4112 444 4166 dc
455 4126 614 4182 magnorum
630 4115 788 4169 tractatibus
799 4113 963 4186 prolatisque
1012 4112 1145 4181 sagaciter
1158 4112 1303 4182 plurimum
1325 4113 1431 4169 bomini
1456 4121 1595 4187 perquirat
1616 4120 1761 4188 cloquium,
1775 4133 1805 4178 et

171 4199 340 4256 sermonibus
360 4199 481 4266 Patrem,
496 4201 523 4255 id
539 4208 581 4257 est
591 4200 699 4266 iiilarii,
712 4202 878 4275 Hieronymi,
898 4202 962 4258 hm·
1011 4200 1085 4254 velut
1100 4201 1224 4255 dudcum
1240 4203 1430 4274 vivificumque
1442 4207 1622 4274 amplectatur
1643 4210 1740 4266 animae
1764 4212 1803 4268 ei-

171 4288 266 4353 hrosii,
280 4286 434 4358 Augustini,
450 4287 585 4359 Cypriani,
601 4289 705 4361 Cyrilli,
722 4290 854 4362 Gregorii,
871 4291 961 4348 Victo·
1010 4290 1084 4344 bum.
1098 4289 1180 4359 Culus
1190 4288 1342 4348 confortatu
1353 4295 1455 4361 sedulo,
1469 4304 1498 4350 rt
1511 4297 1621 4353 instanti
1633 4301 1802 4369 prudentior,

173 4377 222 4439 ris,
236 4375 377 4447 Fulgentii,
393 4375 505 4433 loannis
516 4376 713 4450 chrysostomi,
727 4378 889 4445 Cassiodori,
908 4379 960 4434 Eu·
1010 4389 1038 4436 et
1049 4380 1076 4435 in
1091 4379 1182 4436 luturo
1196 4381 1293 4438 seculo
1307 4386 1381 4440 vivat
1396 4384 1509 4443 lelicior.
1524 4386 1559 4443 Et
1571 4392 1623 4445 hoe
1634 4391 1804 4450 animadver-

172 4468 268 4534 cherii,
284 4468 424 4538 Tyebonii,
441 4466 546 4537 isidori,
567 4471 664 4541 Figuli,
689 4473 775 4537 Bedae,
793 4473 917 4529 Primasii
932 4483 961 4531 et
1010 4473 1131 4538 tendum,
1144 4473 1208 4543 quia
1225 4473 1294 4528 sicut
1309 4476 1475 4546 temporibus
1491 4487 1519 4533 et
1533 4480 1627 4536 diebus
1642 4486 1802 4540 convenien-
1865 4477 1871 4488 ¹

171 4558 294 4612 decante
307 4558 435 4629 legendis,
457 4558 557 4631 Pelagii
570 4570 598 4615 ct
610 4559 742 4631 Origenis,
760 4563 836 4631 quasi
851 4562 884 4618 de
900 4579 959 4619 ma·
1011 4571 1061 4626 tes,
1078 4564 1113 4617 ita
1131 4565 1221 4619 verbis
1234 4566 1274 4619 vei
1286 4566 1446 4633 actionibus,
1461 4569 1487 4622 in
1500 4569 1551 4625 hoe
1569 4572 1682 4626 Comitis
1693 4573 1802 4640 libro't,

171 4648 233 4714 gnis
247 4646 400 4703 huminibus
416 4649 557 4721 pelagique
576 4652 725 4721 gurgitibus
740 4654 767 4706 in
785 4653 904 4709 modicos
923 4657 960 4710 ri·
1010 4653 1191 4721 apostolorum
1217 4656 1258 4709 vel
1291 4658 1482 4727 prophetarum
1508 4676 1569 4715 cum
1593 4662 1801 4733 Evangeliornm

171 4736 259 4804 tulos,
271 4739 372 4808 pariter
381 4740 527 4807 derivator,
541 4743 696 4812 pariterque
707 4743 798 4798 exstiti
812 4744 957 4802 breviator.
1010 4744 1203 4799 00nC0rtl³nles
1218 4745 1321 4799 ulililer
1338 4748 1430 4815 pbsllae
1445 4757 1509 4803 sunt
1524 4750 1662 4814 lectiones
1682 4753 1801 4820 Quarum

172 4824 212 4881 tn
223 4827 315 4896 siquis
328 4828 417 4884 nahra
433 4830 470 4885 ita
488 4832 553 4886 vivit
570 4847 679 4900 pressus
694 4833 810 4902 ignavia,
830 4843 859 4888 ut
873 4835 899 4890 iu
917 4851 960 4891 sa-
1010 4833 1179 4899 eoneerdias,
1193 4835 1341 4903 opitulante
1353 4837 1440 4891 divina
1455 4840 1552 4909 gratia,
1576 4842 1602 4895 in
1623 4844 1800 4913 expositionis

170 4913 228 4968 cris
241 4915 339 4973 litteris
356 4920 465 4989 proprio
480 4929 596 4989 nequeat
611 4921 709 4976 sudore
726 4938 846 4992 quaerere
865 4924 960 4991 multa,
1011 4923 1170 4991 evangelicae
1190 4926 1273 4991 calte.
1288 4927 1332 4981 ubi
1348 4939 1497 4999 opportune
1513 4932 1606 4988 videm
1617 4942 1735 5002 ῡθθῑθῐθ,
1750 4952 1801 4994 ¹¹⁰·

171 5007 233 5061 hanc
250 5023 266 5061 a
283 5010 360 5066 nobis
376 5021 512 5081 excerpta,
529 5028 635 5083 unaque
648 5023 786 5083 compacta
804 5014 894 5070 saltim
915 5032 961 5071 ro·
1011 5019 1093 5066 ctum
1106 5011 1141 5067 Ut
1152 5017 1284 5084 quomodo
1299 5018 1351 5072 sibi
1362 5020 1474 5075 invicem
1490 5024 1616 5079 concordi
1630 5037 1695 5081 voce
1707 5026 1801 5086 lectio·

171 5095 278 5152 minare
302 5113 354 5154 non
374 5101 479 5156 desinet
502 5103 615 5158 modica.
639 5102 707 5170 Quia
732 5103 855 5161 lectionis
876 5122 960 5163 sacrae
972 5097 998 5156 Ι)
1011 5115 1058 5155 nes
1070 5103 1259 5172 respondeant,
1277 5109 1449 5176 temporibus,
1469 5110 1575 5176 diebus,
1593 5106 1799 5187 aetionibnst'g'ue

169 5185 302 5253 cognitio,
324 5187 465 5246 imbecillis
483 5191 619 5257 baculum,
645 5193 768 5248 nemesis
786 5209 861 5250 arma
880 5197 960 5251 mini·
1010 5192 1179 5258 conveniant,
1200 5193 1341 5265 diligenter
1362 5201 1513 5267 «ιῑῑιιιόθῐιι,
1541 5205 1599 5260 sine
1614 5220 1690 5261 mora
1712 5208 1800 5264 solers

169 5283 252 5329 strat.
275 5274 398 5333 linatinm
421 5280 546 5337 subdolas
560 5282 667 5337 lortiter
680 5284 779 5352 premit
795 5284 917 5351 insidias,
932 5296 959 5342 et
1010 5278 1095 5335 lecl⁰r
1109 5280 1236 5337 invenial-

169 5364 321 5424 victoribus
341 5378 457 5427 aeternas
480 5373 594 5429 feliciter
612 5375 745 5446 promittit
756 5392 879 5432 eomnas.
898 5376 959 5433 ideo

191 5488 225 5559 .⁸.
235 5477 356 5536 Observa
369 5484 441 5540 hune
454 5485 552 5540 librum
562 5485 848 5570 ΙΒιιιιιιιιςιι,,ιὶοιιιιιιε
860 5488 957 5544 librum
1011 5493 1067 5547 ιιιιιι
1081 5497 1249 5564 inscripsisse
1260 5500 1310 5556 has
1323 5519 1385 5558 suas
1396 5503 1582 5566 Collectiones.
1595 5513 1648 5566 dut
1662 5512 1787 5570 fortassis

168 5546 237 5612 dact,
252 5549 300 5630 sed
313 5565 366 5619 qna
379 5552 503 5610 decausa
517 5555 596 5610 laede
608 5560 775 5642 pronuntiari
789 5575 843 5639 non
859 5567 956 5680 potest.
1011 5563 1073 5630 quia
1089 5579 1137 5618 ocu
1151 5567 1321 5624 enchiridion
1341 5584 1382 5627 cst
1402 5576 1459 5631 hac
1473 5577 1580 5660 larrago
1600 5555 1798 5640 catholicorum

169 5615 301 5697 Suntqm
312 5628 418 5703 putent,
439 5639 499 5678 cnm
512 5625 579 5679 ordo
596 5627 649 5680 drvr
665 5626 802 5683 beneduch
816 5644 859 5682 mu
871 5636 912 5682 tos
926 5628 957 5682 ri·
1010 5631 1160 5697 doetonrm,
1182 5645 1212 5688 ut
1227 5636 1312 5694 instar
1328 5641 1452 5698 indivulsi
1471 5649 1577 5702 couritrs
1605 5664 1712 5708 sempor
1726 5653 1799 5710 adsit

168 5683 251 5738 lustri
264 5701 389 5756 prosapta
405 5700 483 5748 natos
493 5694 628 5761 babuerit,
642 5704 672 5750 ιιι
687 5697 836 5760 ilirichum.
851 5698 954 5753 Conra-
1009 5701 1043 5753 ad
1056 5717 1173 5756 manum.
1190 5704 1271 5774 lurni
1290 5721 1424 5779 praesente
1438 5729 1500 5770 urso
1510 5731 1564 5770 non
1579 5688 1621 5774 'est
1637 5714 1706 5794 opus
1739 5740 1796 5780 ua-

166 5751 247 5822 dum,
261 5763 326 5823 cte,
336 5768 383 5813 aut
393 5760 579 5834 smaragdum,
595 5766 720 5821 comitem
741 5767 833 5832 hesse,
851 5775 898 5821 aut
910 5784 955 5823 co·
1009 5784 1069 5826 rere
1080 5773 1203 5842 vestigia.
1220 5776 1286 5834 Vide
1299 5779 1506 5849 Sigebertumin
1523 5785 1674 5847 Chronicis.
1720 5738 1738 5793 q
