3810 6120
162 274 219 332 109
582 278 842 339 tonoscstottss
859 278 895 335 tlt
914 277 1105 337 spissohts
1123 281 1168 337 ET
1188 283 1395 342 stanneum.

1740 293 1794 352 110

159 388 355 458 conjunctione
367 395 508 457 cdiiosssa,
518 411 568 464 per
580 395 674 449 illicita
688 409 743 450 non
765 395 875 449 erravit.
900 392 952 447 lilii
966 393 1115 455 Aeoluerit
1126 394 1198 463 filins
1215 396 1329 452 revelare
1351 396 1598 473 (llotth.1r),uuid
1624 402 1676 458 nisi
1693 418 1792 474 panem

158 493 230 536 sero
241 491 304 550 post
324 482 416 538 carnis
431 482 544 554 flagitia,
558 485 604 540 alii
615 494 677 556 post
701 485 769 540 lalsa
786 484 952 549 testimonia,
1005 483 1066 540 vite
1077 487 1155 541 nohis
1166 502 1215 557 per
1231 503 1261 543 se
1273 490 1449 559 aperiendum
1460 494 1692 551 monstraritlhd
1715 497 1793 566 cujus

160 567 210 623 alii
221 577 283 640 post
297 568 368 625 lacta
381 570 463 637 turta,
478 571 522 625 alii
538 581 598 640 post
622 573 712 629 illatas
737 572 887 636 violentias,
908 571 954 626 alii
1003 573 1133 630 interiora
1165 578 1310 644 comenda,
1323 594 1373 650 per
1388 581 1513 651 nosipsos
1527 592 1672 653 penetrare
1698 589 1799 658 nequi·

159 670 224 733 post
236 672 393 734 perpetrata
406 665 551 720 homicidia
572 667 606 722 ad
617 668 806 738 penitentiam
828 667 953 732 redeunt,
1003 663 1158 720 rimusdoi
1168 676 1262 722 eontra
1274 668 1408 739 Propheta
1417 670 1601 727 miserabilem
1612 676 1792 744 quorumdam

160 763 245 825 atque
256 754 290 809 ad
304 756 497 824 omnipotentis
510 755 558 810 Dei
583 758 724 811 servitium
746 765 952 813 convertuntur.
1003 751 1103 809 famem
1116 755 1259 825 deplorans
1272 758 1330 812 ait:
1348 756 1459 814 Parvuli
1477 764 1606 830 petierunt
1624 781 1728 835 ponem,
1747 783 1795 822 nec

161 843 195 898 tsi
222 843 349 899 videlicet
375 846 409 899 ad
435 845 580 899 Dominum
603 847 636 902 de
658 847 805 918 longinquo
830 848 952 903 veniunt.
1002 853 1058 898 erat
1077 846 1122 917 qni
1145 846 1276 917 [ronqeret
1289 849 1337 902 eis.
1350 848 1427 915 Quod
1440 853 1555 908 estaliis
1578 855 1667 911 verbis
1679 856 1791 912 dicere:

160 933 270 1003 Quanto
282 934 355 990 enim
371 935 486 1003 quisque
508 933 568 1002 plus
582 934 609 988 in
635 950 719 1004 pravo
733 951 814 1006 opere
839 937 951 1002 erravit,
1002 933 1106 991 indocti
1120 938 1287 1005 quaesierunt
1299 941 1428 1008 pabulum
1438 944 1514 999 verhi
1523 945 1638 1012 Dei,nec
1651 958 1720 1015 erat,
1734 965 1794 1005 ma·

159 1034 238 1082 tauto
252 1026 286 1081 ah
298 1027 484 1097 omnipotente
499 1026 614 1081 Domino
626 1026 734 1096 longius
747 1028 869 1082 recessit.
883 1027 953 1082 Den-
1002 1027 1096 1098 gistris
1111 1026 1308 1094 deicientibus,
1331 1029 1379 1099 qui
1392 1031 1434 1088 eis
1455 1033 1597 1103 scripturae
1623 1052 1721 1093 arcana
1746 1055 1794 1109 pa-

159 1129 208 1176 tur
235 1120 320 1190 igitur
341 1119 469 1174 alimenta
494 1118 545 1183 eis,
569 1119 651 1174 etiam
675 1120 721 1188 qui
747 1119 780 1173 de
806 1119 953 1191 longinquo
1002 1115 1142 1173 telaeeret.
1159 1117 1285 1189 hceeptis
1306 1128 1397 1177 autem
1412 1123 1446 1177 ad
1469 1123 1648 1196 frangendum
1666 1129 1794 1197 panibus,

158 1210 284 1275 suriunt,
301 1211 363 1280 quia
381 1204 521 1265 conversis
536 1209 734 1290 peccatoribus,
750 1207 880 1264 doetrinae
894 1224 954 1263 san·
1002 1208 1133 1264 Dominus
1145 1211 1247 1280 gratias
1262 1210 1328 1281 agit,
1344 1221 1374 1265 ut
1392 1221 1421 1266 et
1435 1212 1492 1282 ipse
1505 1225 1639 1284 quantum
1651 1216 1686 1273 de
1706 1218 1793 1274 saluto

157 1311 213 1359 cta
229 1302 282 1357 eihi
298 1301 435 1372 praebendi
450 1309 524 1367 sunt,
539 1299 707 1356 utinDeum
720 1300 793 1355 sires
814 1309 952 1369 reparent,
1002 1299 1110 1367 generis
1132 1299 1244 1353 humani
1275 1301 1445 1371 congaudeat
1471 1304 1608 1370 ostendat,
1630 1314 1657 1360 et
1682 1322 1732 1362 nos
1759 1307 1794 1362 ad

158 1393 273 1464 quasin
288 1391 396 1463 flagitiis
421 1393 581 1447 amiserunt.
604 1392 671 1446 ltem
695 1389 781 1447 ludaei
798 1392 953 1462 quicunque
1002 1389 1120 1458 agendas
1134 1404 1242 1458 semper
1263 1389 1318 1444 Deo
1335 1391 1436 1461 gratias
1452 1390 1591 1457 informet,
1605 1409 1668 1448 cum
1682 1396 1724 1449 vel
1736 1405 1792 1450 ter-

157 1487 187 1541 in
202 1485 312 1541 christo
326 1483 509 1548 crediderunt,
528 1484 561 1539 de
576 1498 659 1553 prope
671 1483 705 1537 ad
717 1483 791 1537 illum
808 1492 951 1548 renemnt,
1003 1491 1069 1532 reno
1096 1491 1166 1544 pane
1191 1493 1300 1531 earnem
1328 1478 1370 1531 rol
1400 1479 1519 1532 animam
1545 1479 1650 1535 crelesti
1675 1497 1793 1552 superna

156 1578 224 1647 quia
240 1576 310 1646 legis
321 1583 349 1630 ot
366 1576 563 1644 prophetarum
586 1581 665 1629 erant
689 1573 787 1628 litteris
805 1575 894 1628 edocti
919 1574 952 1630 de
1002 1567 1088 1637 311111
1102 1567 1233 1637 largiente
1246 1566 1391 1623 testcintus.
1551 1579 1553 1583 ’

156 1667 216 1724 1110.
244 1667 393 1723 Credentes
414 1681 479 1720 sero
505 1665 678 1735 exgentibus
695 1662 729 1717 de
757 1663 835 1734 longe
858 1654 956 1733 utique'
1038 1657 1073 1712 Et
1084 1658 1212 1712 habehant
1222 1657 1361 1728 pisciculos
1382 1677 1491 1730 pancos,
1513 1671 1537 1716 et
1558 1664 1628 1733 ipsos
1650 1664 1792 1730 benedixit,

156 1767 294 1816 uenerunt
314 1758 349 1812 ad
361 1757 511 1821 Christum,
529 1755 593 1826 quia
611 1754 691 1809 nullis
708 1754 867 1825 paginarum
891 1769 953 1809 san·
966 1749 990 1808 D
1003 1759 1027 1804 et
1033 1750 1115 1820 inerit
1129 1751 1235 1820 opponi.
1254 1749 1283 1804 Si
1296 1751 1323 1803 in
1337 1753 1453 1821 panibus
1466 1763 1568 1824 septem
1582 1754 1722 1826 Scriptura
1740 1757 1794 1814 No-

157 1859 267 1907 ctarum
296 1848 469 1904 monimentis
494 1848 527 1903 de
555 1845 614 1915 ejus
644 1853 723 1901 erant
751 1844 804 1901 hdo
834 1861 951 1916 praemo-
1000 1841 1027 1896 ri
1039 1840 1205 1896 Testamenti
1222 1840 1391 1911 designatur,
1405 1842 1432 1897 in
1444 1843 1522 1911 cujus
1536 1845 1652 1901 lectione
1669 1861 1719 1916 per
1731 1863 1795 1918 gra·

159 1942 220 1997 ηερ,
1000 1931 1066 1986 tiam
1077 1933 1165 1987 sancti
1175 1930 1293 2000 Spiritus
1302 1932 1426 1989 internas
1435 1935 1567 1989 mentium
1580 1935 1674 2004 epulus
1690 1937 1795 1994 inveni·

193 2029 229 2084 lit
245 2025 471 2098 responderuntei
488 2024 687 2095 dissipationi:
701 2022 951 2092 Undeirtospoterit
1000 2035 1072 2087 mus,
1095 2022 1160 2091 quid
1182 2022 1210 2076 in
1236 2023 1387 2094 pisciculis,
1417 2038 1486 2093 quos
1503 2023 1667 2080 benedicens
1691 2026 1795 2095 paritet·

161 2123 216 2191 esis
229 2120 273 2174 hie
284 2127 406 2174 mturare
418 2117 530 2187 poninus
544 2117 572 2169 in
583 2115 746 2169 solitudine?
758 2113 792 2167 lit
807 2114 953 2181 interropo·
1000 2110 1140 2177 Dominus,
1164 2113 1251 2169 turbae
1274 2114 1356 2183 jussit
1370 2114 1485 2185 apponit
1509 2112 1623 2170 Sanctos
1646 2118 1795 2186 accipimus

164 2212 251 2267 ineos
274 2228 283 2265 :
306 2208 376 2276 Quot
395 2224 476 2279 perrea
502 2206 623 2260 linietis?
647 2204 699 2271 Qui
723 2204 846 2258 dixerunt
869 2216 879 2255 .·
902 2199 951 2256 Se·
1000 2199 1072 2255 illius
1096 2202 1237 2270 temporis,
1262 2220 1316 2274 quo
1341 2204 1436 2259 eadem
1450 2213 1493 2259 est
1514 2204 1624 2260 condita
1640 2204 1793 2277 Scriptura,

164 2313 237 2372 pen.
253 2301 327 2356 Dene
344 2308 448 2370 septem
462 2313 548 2369 panes
558 2298 586 2352 in
611 2296 764 2352 ministerio
778 2294 844 2349 Nori
858 2293 951 2348 Testa·
1000 2295 1042 2350 rel
1054 2310 1170 2365 quorum
1185 2297 1243 2367 ipsa
1255 2297 1397 2368 Scriptura
1410 2297 1501 2363 tidem,
1517 2299 1603 2354 uitam
1614 2302 1794 2370 etpassioocs

167 2397 245 2452 uenti
259 2402 407 2464 ponuntur,
422 2392 447 2446 in
470 2407 523 2460 quo
539 2388 706 2461 septiformis
731 2387 819 2458 gratia
837 2387 951 2456 spiritus
1001 2387 1131 2454 continet,
1148 2388 1194 2457 qui
1212 2388 1246 2443 de
1269 2388 1432 2444 turbulentis
1451 2388 1532 2457 hujus
1554 2390 1646 2445 saculi
1667 2389 1795 2447 ductibus

165 2485 244 2540 sancti
259 2482 366 2553 plenius
377 2481 501 2536 lidelihus
511 2479 617 2534 cunetis
630 2486 658 2533 ct
671 2477 804 2533 credenda
815 2476 951 2530 revelatur
1000 2482 1098 2551 erepet,
1118 2496 1151 2538 ae
1170 2483 1261 2538 dimna
1287 2483 1477 2539 benedictione
1491 2485 1654 2550 consecrati,
1669 2483 1795 2542 retectio-

161 2583 185 2629 tt
196 2574 305 2630 credita
317 2573 406 2627 datur·
422 2569 515 2639 Neque
528 2567 671 2623 hordeacei
684 2567 768 2622 fuisse
787 2565 949 2636 1101111111,
1001 2589 1063 2629 nem
1077 2574 1155 2629 nohis
1169 2574 1316 2641 internam,
1329 2590 1363 2630 ne
1379 2575 1407 2630 iu
1427 2574 1507 2643 hujus
1520 2576 1613 2631 mundi
1628 2577 1796 2633 transeuntis

157 2664 230 2720 dent
255 2662 295 2717 illi
320 2651 450 2731 quinque,
466 2659 500 2714 de
519 2660 617 2729 quihus
634 2658 754 2728 quinque
774 2664 837 2710 suut
862 2655 951 2711 homi·
1001 2677 1119 2718 excursu
1132 2663 1299 2732 deficiamus,
1315 2664 1439 2734 exempla
1451 2680 1507 2721 suae
1525 2665 1568 2720 rel
1581 2667 1643 2721 ritae
1664 2667 1766 2725 selmo

148 2768 222 2810 oum
238 2752 324 2810 millia
338 2760 471 2818 saturata,
487 2766 521 2806 ne
544 2751 643 2806 iterum
663 2749 733 2804 sicut
746 2748 773 2803 in
794 2748 854 2818 lege
871 2746 953 2802 vitale
1003 2752 1038 2808 ais
1057 2753 1207 2822 praebuere,
1751 2768 1765 2798 ε

144 2848 257 2902 minae
279 2845 439 2900 alimentum
460 2843 646 2913 corporalibus
676 2842 855 2896 sacramentis
876 2841 952 2897 ohte-
1036 2842 1072 2897 m
1092 2845 1315 2899 manducaverunt
1330 2857 1353 2899 et
1374 2846 1488 2899 saturati
1500 2853 1570 2900 sunt.
1583 2845 1746 2902 llanducant
1761 2848 1796 2905 de

133 2946 286 3006 gerstun,
300 2935 395 2992 hordei
415 2935 516 2990 etenim
535 2932 653 2989 medulla
677 2933 851 2988 tenacissima
874 2933 953 3003 palea
1002 2936 1119 3008 panibus
1138 2936 1245 2991 Domini
1271 2952 1303 2991 ac
1329 2936 1460 3007 piscihus,
1488 2946 1517 2992 et
1544 2944 1720 3003 saturantur,
1749 2939 1796 3008 qui

128 3031 270 3104 sugitur.
1004 3027 1146 3084 audientes
1162 3029 1245 3084 rerba
1270 3029 1329 3096 Dei,
1345 3036 1373 3083 ct
1386 3027 1510 3099 exempla
1525 3030 1672 3095 intuentes,
1689 3030 1722 3086 ad
1733 3047 1797 3102 pro-

193 3124 230 3180 Et
255 3122 390 3194 precepit,
411 3129 464 3176 ete.
495 3119 582 3190 Supra
609 3120 637 3174 in
662 3118 809 3174 relectione
833 3087 989 3187 quinqueC
1005 3116 1107 3172 tectum
1134 3119 1197 3172 rite
1221 3119 1394 3174 correctioris
1416 3133 1466 3187 per
1488 3119 1548 3174 haee
1569 3119 1684 3174 excitari
1715 3129 1798 3191 atquo

119 3223 259 3285 mnam
271 3214 351 3269 turha
361 3227 442 3282 supra
464 3211 554 3266 lenum
569 3211 656 3266 viride
665 3209 862 3265 discumbebat.
874 3210 952 3266 Nunc
1004 3227 1147 3283 assurgere
1169 3210 1308 3274 lestmant,
1340 3211 1438 3281 qtrihus
1466 3222 1560 3280 aperte
1584 3212 1709 3283 congruit
1731 3212 1798 3269 illud

120 3305 206 3362 ubi
218 3312 322 3375 septem
333 3302 448 3373 panihus
464 3300 611 3354 reficienda
624 3310 676 3365 est,
687 3316 769 3371 supra
784 3310 886 3356 termm
897 3301 953 3356 dis·
1003 3301 1155 3358 Psalmistae
1170 3320 1177 3355 ε
1191 3301 1276 3355 lident
1286 3317 1412 3371 pauperes
1427 3311 1451 3355 et
1474 3302 1666 3358 saturabuntur
1691 3313 1715 3358 et
1739 3304 1798 3359 lou-

118 3395 534 3467 eumherepreecipitur,quia
546 3394 770 3463 perscripturum
782 3394 848 3466 legis
861 3395 952 3450 earnis
1003 3393 1104 3450 doiont
1120 3392 1216 3457 Deum,
1229 3401 1282 3446 cte.
1302 3389 1389 3473 (Psoi.
1402 3392 1471 3462 aar).

125 3488 296 3545 desideria
318 3487 425 3543 calcare
452 3495 480 3541 ct
499 3486 679 3555 comprimere
703 3484 840 3553 jubemur.
859 3483 951 3540 Omnis
1040 3482 1246 3539 Etrustnlernnt
1259 3482 1475 3553 quodsuperernt
1489 3483 1521 3537 de
1534 3484 1688 3554 tenementis
1700 3496 1796 3555 reptem

128 3578 303 3632 truncum
317 3576 550 3647 senum,etoninia
572 3574 657 3646 pierio
672 3574 730 3644 ejas
754 3585 880 3646 tonpnum
902 3577 952 3645 plor
1003 3587 1115 3650 sportas.
1142 3575 1218 3642 Quod
1243 3576 1328 3630 turbis
1354 3577 1482 3631 saturitis
1515 3587 1658 3648 supererat
1679 3582 1796 3651 apostoli

135 3667 220 3736 seni
241 3665 332 3739 (isaie
355 3664 410 3737 su).
436 3664 464 3718 ln
479 3663 553 3719 Nouo
568 3673 659 3720 autem
673 3665 848 3719 Testamento
866 3666 952 3734 ipsam
1004 3667 1148 3724 sustollunt
1161 3675 1190 3722 et
1203 3673 1306 3736 septem
1328 3675 1435 3735 sportas
1450 3666 1573 3735 impleut,
1586 3670 1650 3738 quia
1674 3678 1737 3725 suut
1756 3673 1799 3730 alu

135 3745 271 3828 duoque
280 3767 381 3813 termm
394 3773 425 3813 ac
436 3756 579 3813 facultates
592 3757 753 3827 temporales
765 3758 953 3830 derelinquere
1004 3759 1074 3814 tiora
1086 3757 1261 3828 perfeetionis
1275 3761 1476 3826 praeoptaret
1489 3759 1579 3827 potius
1590 3760 1799 3820 exhortamenta

138 3850 344 3919 praemimur,
358 3849 402 3904 rel
425 3857 500 3904 certe
514 3851 577 3919 quia
592 3864 679 3914 mons,
695 3850 722 3903 in
744 3865 798 3920 quo
812 3852 891 3907 turha
907 3852 953 3907 do-
1004 3857 1033 3905 ct
1046 3848 1168 3915 consilia,
1183 3863 1243 3919 qum
1257 3847 1391 3919 gerrcralis
1408 3847 1528 3904 fidelium
1539 3851 1684 3908 multitudo
1705 3855 1799 3924 nequit

147 3942 271 3998 miuieis
286 3945 401 4013 panihus
416 3944 604 4009 roheiehatur,
618 3943 798 4010 altitudinem,
822 3954 851 4000 ut
872 3961 954 4017 supra
1005 3939 1138 3995 sementis
1153 3946 1180 3994 el
1197 3938 1333 4008 implendo
1353 3939 1632 4009 attingere,quorum
1654 3947 1796 4001 exsecutio

150 4033 292 4103 dinatus,
320 4037 500 4106 redemptoris
523 4045 610 4092 nostru
637 4036 787 4106 significat,
813 4037 849 4093 ihi
872 4054 954 4109 super
1005 4033 1065 4089 illos
1079 4033 1189 4103 proprie
1202 4031 1319 4100 respicit.
1334 4031 1380 4100 (itti
1392 4031 1496 4098 tutajore
1508 4034 1594 4087 sancti
1610 4034 1722 4103 spiritus
1736 4053 1797 4106 gra·

157 4122 267 4192 tenum,
283 4129 328 4183 liic
345 4143 427 4197 super
449 4137 549 4182 terram
564 4129 692 4183 reficitur.
705 4127 744 4183 lhi
756 4130 829 4184 enim
847 4131 954 4186 celsitu·
1006 4125 1043 4178 tia
1070 4123 1176 4192 plenius
1199 4121 1353 4191 generalem
1379 4120 1469 4189 populi
1485 4121 1533 4174 Dei
1559 4125 1795 4182 conversationem

162 4210 214 4265 do
222 4214 313 4273 Christi
330 4227 442 4288 propter
452 4219 578 4274 carnales
601 4219 725 4274 homines
746 4229 772 4274 ot
786 4219 953 4275 hierusalem
1007 4214 1106 4268 mentis
1119 4221 1200 4280 atque
1212 4210 1303 4280 operis
1318 4210 1483 4266 sublimitate
1499 4215 1702 4270 transcendunt.
1724 4217 1797 4284 Quen

168 4307 302 4364 sensuam
315 4311 419 4365 menan
432 4325 479 4379 spe
490 4319 517 4364 et
531 4310 665 4365 desiderio
680 4311 788 4379 regitur,
802 4311 852 4367 llic
865 4320 955 4367 aurem
1007 4303 1078 4358 lihus
1088 4302 1186 4357 dieitur
1199 4319 1205 4354 ι
1220 4300 1249 4355 Si
1264 4301 1299 4354 uie
1309 4301 1438 4370 perfertur
1451 4319 1515 4369 esse,
1529 4305 1604 4372 uode,
1620 4305 1799 4365 uendeomnio

171 4404 270 4454 renota
283 4402 355 4456 omui
369 4402 514 4470 crepiditato
529 4401 641 4466 carnali,
656 4403 783 4457 eorruiras
808 4401 877 4457 Novi
903 4403 955 4458 To·
1008 4393 1168 4467 (1110111111,
1184 4400 1236 4446 111·
1256 4391 1362 4463 (llatth.
1380 4394 1448 4465 titi·

173 4491 305 4557 nomenti,
323 4491 381 4561 spei
396 4492 582 4560 pernionentis
600 4491 812 4558 firmamentum,
825 4502 955 4563 tanquam
1043 4483 1119 4539 1111111
1145 4482 1213 4537 hene
1241 4490 1357 4550 slim,
1383 4485 1482 4560 huillus
1504 4486 1707 4545 dominicorum
1734 4500 1800 4548 sunt

174 4565 254 4635 ipsius
268 4582 368 4636 rnontis
390 4581 511 4636 soliditas
533 4581 606 4637 trullo
631 4583 694 4639 sciro
709 4578 870 4654 interposito
892 4601 957 4640 corr·
1007 4574 1116 4630 00111111
1139 4572 1290 4644 1111111111
1314 4575 1453 4641 1111011111,
1472 4586 1584 4647 propiet
1614 4580 1799 4651 septiformem

174 4656 280 4723 [istebat.
1007 4667 1118 4736 spiritus
1145 4665 1260 4736 gratiam
1274 4674 1378 4735 septem
1402 4665 1487 4722 inisse
1510 4681 1705 4726 memorantur.
1731 4671 1799 4728 Nam

211 4755 240 4813 Et
262 4763 389 4829 occipiens
399 4774 495 4834 septem
509 4783 600 4836 porres,
616 4769 716 4837 pretias
727 4785 817 4839 opens,
841 4770 855 4839 s
855 4772 919 4841 repit
933 4781 957 4825 et
1008 4756 1478 4828 (1111110111111111111111111111111
1495 4758 1667 4816 1011115011111
1681 4764 1798 4829 10111111,

171 4837 247 4907 mili
269 4853 405 4924 discipu&
422 4855 527 4923 suimet
540 4867 709 4925 apponerem,
723 4868 747 4911 et
766 4871 956 4928 proposuerunt
1010 4852 1109 4906 morito
1121 4851 1148 4904 in
1161 4859 1317 4905 suttclorutn
1329 4850 1526 4921 significatione
1539 4863 1685 4922 ponuntur.
1698 4854 1800 4912 JDDCDS

170 4932 260 5024 1111111.
276 4944 407 5000 Dominus
419 4946 555 5014 accipiens
567 4962 661 5016 panes
670 4947 751 5002 dabat
764 4928 913 5020 discipulis,
929 4960 958 5005 ut
1010 4942 1109 5012 qnippe
1123 4955 1203 5010 super
1226 4956 1310 5010 aquas
1337 4941 1411 4995 111111
1437 4944 1586 4998 1011111111·
1612 4944 1706 5002 Palma
1735 4962 1801 5003 1110

168 5030 220 5085 'liei
250 5049 377 5108 acceptos
405 5039 491 5093 turhm
517 5048 693 5110 apponerent,
723 5042 787 5110 quia
812 5042 960 5110 spiritualis
1009 5033 1149 5086 uictricem
1180 5040 1260 5085 ornat
1286 5047 1411 5096 marium,
1438 5040 1466 5087 et
1491 5034 1599 5103 junceis
1625 5037 1699 5093 rasis
1726 5047 1802 5095 recto

166 5108 238 5184 ‘ilua
252 5130 375 5186 scientim
397 5130 519 5184 tribuens
539 5130 678 5198 apostolis,
696 5146 746 5201 per
764 5146 858 5186 eorum
880 5133 959 5186 mini.
1010 5131 1203 5191 comparantur
1225 5121 1312 5187 electi,
1329 5137 1390 5176 eum
1417 5123 1536 5179 radicem
1561 5127 1660 5193 cordis,
1682 5128 1801 5185 neforto

162 5208 282 5277 Quium
293 5220 378 5277 voluit
392 5221 515 5276 ecelesiae
535 5237 590 5276 snae
603 5236 652 5291 per
672 5221 766 5276 orhcm
781 5223 842 5277 ritae
857 5224 958 5278 eiharia

159 5289 304 5369 11111111ϋυί.
321 5312 398 5379 Quod
418 5320 509 5366 autem
523 5312 602 5383 fregit
625 5327 720 5381 panes,
736 5329 805 5383 quos
819 5313 959 5384 discipulis

159 5379 256 5470 (11181,
280 5404 448 5474 apertionem
463 5403 588 5474 designat
602 5413 847 5470 sacramentorum,
861 5404 959 5474 quihus

158 5476 198 5531 ³⁰
226 5504 387 5565 perpetuam
415 5493 529 5548 salutem
558 5494 716 5549 nutriendus
742 5504 800 5549 erat
833 5496 958 5550 mundus.

158 5557 237 5642 Cum
258 5587 384 5642 enimait
405 5589 462 5656 ipsc
478 5587 625 5641 Dominus:
641 5586 676 5641 Et
692 5604 767 5641 rrerrro
785 5588 853 5641 nouit
874 5587 959 5656 filiurn

160 5658 218 5721 ’1111
233 5689 319 5747 peter,
335 5697 416 5750 nepae
425 5689 526 5749 patrem
546 5679 603 5748 pith
617 5679 694 5747 norit,
716 5678 766 5733 nisi
783 5678 854 5746 filius
872 5688 895 5732 ct
919 5679 960 5736 cui

1012 5220 1046 5273 ab
1066 5234 1159 5272 amoro
1186 5218 1348 5274 aeternitatis
1367 5228 1488 5287 arescat,
1505 5222 1531 5276 in
1557 5223 1616 5292 ipso
1641 5225 1704 5281 vite
1728 5225 1802 5281 lonte

1014 5311 1154 5365 collocant.
1181 5311 1381 5365 assimulantur
1403 5321 1429 5367 et
1454 5314 1495 5369 eis
1519 5331 1579 5384 quae
1593 5318 1626 5372 de
1650 5318 1801 5386 palmarum

1014 5412 1076 5457 sunt
1091 5401 1162 5457 loliis
1178 5410 1314 5467 contenta,
1331 5418 1393 5458 eum
1415 5405 1477 5459 inde
1491 5406 1615 5461 festivam
1626 5416 1734 5461 eternae
1758 5418 1797 5459 ro·

1013 5493 1169 5548 tributionis
1182 5494 1339 5548 memoriam
1350 5511 1420 5565 puro
1440 5498 1521 5553 corde
1533 5499 1651 5551 retinent
1666 5513 1673 5560 ;
1693 5505 1720 5549 ct
1731 5496 1802 5553 herro

1015 5589 1093 5643 turha
1107 5587 1231 5656 quamvis
1251 5587 1379 5658 reliquias
1405 5590 1530 5643 dominici
1552 5587 1658 5656 prandii
1681 5602 1733 5642 non
1758 5603 1802 5642 ca·

1015 5687 1102 5750 peret,
1116 5678 1293 5734 manducasse
1314 5686 1402 5733 tanuen
1414 5686 1441 5732 ct
1460 5685 1579 5732 saturata
1593 5692 1652 5732 esse
1665 5687 1803 5742 namatus,
