3810 6120
760 276 952 345 stthnnctto
970 271 1135 332 hbbltull.

1703 267 1757 326 obe

129 410 218 489 petitis
229 408 358 473 lichiam,
369 404 393 461 sl
402 400 631 474 pentametrum
640 398 835 469 desperandam
843 409 919 449 mon·
933 400 957 460 Α
969 389 1143 446 disseritur
1163 384 1308 446 llirrtrei.
1326 397 1385 439 cra.
1406 396 1434 437 rt
1448 394 1456 434 t
1471 382 1538 438 Cum
1548 379 1759 460 rudlmtdoutp

129 490 199 549 suet
211 494 273 537 esse
286 477 410 533 salutern.
422 474 533 529 llieron.

148 554 193 611 '2
209 550 280 621 sepe
295 543 464 602 Hierusalem
476 541 604 603 ascendit,
618 554 757 610 uunquam
767 544 824 593 tant
835 533 919 599 clare,

130 624 196 701 quia
209 635 277 678 crux
294 619 322 672 in
333 613 424 686 januis
435 620 502 669 erat
519 612 657 683 llripliccm
664 608 840 735 gropbetiam
855 605 922 659 altc-

130 708 191 753 rsm
200 704 293 761 opere,
308 685 421 743 alteram
439 683 527 739 verbis
543 682 646 753 implet.
668 737 671 744 ,
688 694 762 749 pere,
776 691 840 747 qiua
856 675 923 729 serl-

180 778 208 824 m
220 766 266 816 'est
282 756 453 819 azaeharia,
469 753 540 822 quod
563 754 590 810 in
606 751 681 805 asina
699 750 770 804 sicut
785 762 832 801 rer
846 742 923 825 sede·

150 834 182 889 it.
198 829 335 897 Secunda,
347 824 547 881 immundarum
559 820 728 876 vocationem
750 817 870 889 gentium
888 827 925 868 st·

132 902 254 977 piiillcat,
269 898 332 968 qiiia
359 897 386 951 in
405 894 471 966 ipsis
489 892 650 963 requiescet,
673 889 782 943 uenient
793 885 875 941 enim
896 891 927 936 et

133 973 287 1037 adorabunt
303 981 376 1023 eum.
926 1022 929 1027 Ι

168 1040 198 1097 d.
216 1039 328 1094 Summa
338 1030 477 1104 Evangelii
490 1030 560 1087 mira
570 1029 704 1085 breuitate
722 1027 751 1083 iu
765 1025 856 1081 verbis
874 1024 927 1078 Za-

133 1110 237 1169 chariae
252 1106 329 1163 nobis
349 1103 519 1174 proponitur.
546 1100 615 1154 Ecce
634 1115 680 1153 rec
697 1108 756 1151 ttius
779 1097 847 1150 uenit
869 1095 925 1161 tibi,

135 1189 299 1239 mansuetus,
314 1182 367 1230 ete.
381 1174 410 1228 ln
424 1169 550 1226 omuibus
563 1168 653 1223 serbis
667 1166 817 1236 emphasim
831 1165 927 1233 hahes,

135 1256 243 1307 tantum
264 1246 414 1302 clamemus
438 1239 565 1295 llosamm
589 1238 645 1300 fillo
667 1235 763 1301 Diti-id,
779 1234 929 1288 benedictus

135 1318 263 1394 priserit
279 1317 308 1370 in
327 1312 431 1369 neruiue
454 1309 573 1374 Domitii,
592 1314 620 1363 et
643 1314 749 1376 tempus
767 1303 931 1359 visitationis

137 1400 330 1463 agnoscamus.

305 1469 471 1531 hellibico
487 1468 510 1525 ll
528 1465 562 1522 ΙΝ
582 1464 758 1526 bossuth.

137 1570 273 1629 bissem
287 1580 320 1621 tu
330 1564 415 1627 Rois,
425 1576 485 1615 cte.
500 1574 535 1613 ιι
548 1577 554 1613 :
570 1557 737 1627 Quacumque
749 1545 931 1624 scripsissent,

272 1635 308 1691 ud
324 1642 440 1689 nostrum
459 1629 608 1685 doctrinam
623 1627 802 1697 scriptorem.

178 1730 205 1793 l,
229 1725 339 1783 litilitas
351 1722 504 1777 litterarum
526 1731 666 1773 sacramm
691 1715 827 1771 cruditum
846 1711 933 1768 reddit

141 1802 178 1857 sd
190 1798 306 1855 salutem
328 1808 377 1865 per
392 1790 558 1859 bilemque
581 1797 624 1843 est
644 1787 672 1840 in
686 1786 796 1841 Christo
808 1783 889 1846 lesu;
904 1783 932 1836 in

139 1876 264 1937 nestram
287 1863 440 1922 doctrinam
465 1860 565 1928 scripta
582 1865 646 1912 sunt
659 1871 719 1926 pitu
733 1855 834 1922 scripta
859 1862 932 1918 stant,

140 1948 173 1995 ut
194 1932 261 2010 per'
288 1933 428 1989 amentiam
454 1938 482 1985 et
504 1927 715 1985 musulationeui
737 1925 934 1994 scripturarum

142 2026 157 2079 s
217 1951 391 2061 'ingerimus
410 1999 507 2056 (liuiiia
521 2006 613 2052 autem
623 1998 723 2066 scripta
737 1994 816 2050 iidem
829 2001 857 2047 et
869 1993 935 2074 clia·

141 2024 252 2141 rffa't'em
271 2084 300 2130 et
315 2082 347 2128 ut
362 2072 489 2127 omnibus
513 2069 541 2123 iu
555 2069 656 2123 bonum
680 2066 836 2137 placeamus
850 2072 935 2119 centi-

141 2156 333 2274 μεἒιδιιιιιιιιιι
357 2209 534 2283 professionis
552 2219 652 2276 nosprae
664 2220 717 2276 pai
732 2211 775 2260 est
794 2210 822 2260 et
837 2201 935 2258 unani·

142 2289 237 2351 unitas,
250 2286 287 2341 ita
326 2299 341 2338 e
354 2289 482 2352 precatur
495 2280 579 2333 ileum
593 2286 731 2332 auctorem
746 2275 895 2345 patiemim,
906 2280 938 2326 ut

143 2358 180 2415 sd
195 2372 292 2426 exemp
303 2369 348 2409 um
367 2351 431 2407 lesu
445 2349 546 2405 Christi
568 2363 618 2404 nos
637 2347 721 2403 iaciat
734 2351 937 2401 eonsummatos

143 2429 174 2485 in
190 2440 286 2482 unum.

180 2496 209 2551 d.
225 2495 350 2551 Christus
369 2490 444 2548 dires
459 2488 589 2545 Dominus
603 2488 630 2543 in
642 2501 737 2542 omnes
754 2485 800 2556 qui
817 2499 847 2540 se
862 2484 937 2540 iuvo-

143 2576 210 2633 esnt
224 2563 330 2621 ludaeos
341 2570 370 2618 et
391 2569 495 2632 gentes,
510 2558 679 2614 circumcisis
695 2556 855 2626 promissus,
870 2569 937 2626 gen·

143 2646 234 2695 tcsex
254 2632 406 2689 merissima
427 2629 591 2686 iiberalitate
608 2627 717 2690 habent,
740 2626 787 2694 quii
800 2627 938 2694 oriundam

143 2714 226 2763 mut
241 2718 296 2759 uon
310 2701 433 2784 populus,
450 2714 523 2754 nunc
535 2698 650 2770 populas
663 2696 722 2760 Dei,
736 2696 782 2765 qni
801 2694 938 2763 rpriondaut

144 2791 200 2832 non
213 2782 351 2830 consecuti
376 2769 602 2841 misericordiam,
618 2782 689 2837 nnuc
710 2774 774 2821 sunt
786 2763 937 2820 consecuti.

145 2845 245 2903 lPetr.
260 2859 292 2899 ii.

143 2934 321 3001 Etmusttuit
339 2930 432 2998 Luem,
451 2943 510 2985 cir.
526 2945 572 2984 xxi
589 2946 595 2982 :
613 2927 699 2983 Eruttt
714 2927 790 2998 tipus
802 2926 829 2980 itt
848 2923 902 2980 sole
914 2933 938 2981 st
991 2944 995 2951 ·

509 3000 582 3054 lutto.

182 3075 210 3130 l.
224 3072 307 3128 Varia
329 3072 377 3128 sed
395 3071 547 3128 certissima
574 3069 651 3140 signa
673 3067 798 3123 instantis
820 3065 938 3135 supremi

142 3145 201 3205 diet
215 3143 342 3201 Christus
355 3150 505 3207 enumerat,
521 3141 567 3195 hie
590 3141 617 3194 iu
645 3139 727 3204 Lutea,
745 3137 807 3191 alibi
831 3136 859 3190 in
872 3135 939 3189 llat-

143 3215 230 3281 thsto.
253 3212 461 3284 chrysostomus
482 3220 573 3267 tantus
599 3210 641 3264 tir
666 3210 779 3263 horrore
803 3206 939 3261 invaditur

145 3284 319 3366 neclegens,
334 3291 362 3343 et
381 3299 414 3338 cx
427 3282 561 3354 profundo
571 3280 652 3336 corde
667 3275 876 3349 ingemisci120
892 3291 939 3336 tie,-

175 3355 183 3369 ‘
201 3364 305 3409 entiam
320 3361 451 3417 nestram,
465 3362 496 3407 ut
516 3367 566 3406 nos
576 3350 763 3420 componimus
776 3347 811 3402 ad
824 3344 940 3401 horribi-

215 3416 293 3490 iilum
305 3424 377 3479 diem
391 3433 420 3478 ut
434 3423 595 3493 lugiaiuusa
610 3430 725 3475 uentura
739 3418 803 3473 irai

181 3494 212 3551 9.
227 3494 368 3550 Secutmus
384 3493 484 3549 Christi
496 3493 626 3547 adventus
639 3489 797 3561 predicitur
808 3504 869 3544 eum
880 3489 938 3544 tir·

144 3572 248 3623 tutest
263 3564 408 3634 majestate
429 3578 537 3645 magna,
560 3562 603 3616 ubi
623 3576 717 3616 omnes
737 3559 771 3612 alt
791 3558 879 3615 Adam
891 3574 940 3615 us·

145 3650 202 3706 que
214 3635 243 3689 iu
260 3636 405 3689 adrentum
422 3633 522 3688 Christi
547 3646 659 3701 operum
673 3630 792 3691 rationes
814 3629 939 3695 reddent,

147 3704 341 3833 meabant
355 3704 455 3773 angeli,
478 3702 540 3760 eruli
556 3702 629 3759 iores
643 3717 658 3756 a
673 3699 773 3756 seculo
786 3700 886 3755 clausae
896 3714 941 3770 pa·

184 3845 212 3899 d.
230 3842 414 3899 Pulcherrima
435 3842 609 3898 similitudine
620 3840 697 3905 dctis,
710 3840 849 3903 arborum,
860 3847 941 3895 ecsta-

147 3915 318 3984 tis,repnum
333 3915 379 3969 Ilei
394 3912 715 3981 etredemptiouetu,hoc
728 3918 780 3975 est,
794 3910 941 3980 perlectam

146 3982 336 4039 liberationem
344 3984 467 4055 corporis
478 3992 506 4036 et
515 3983 612 4036 animm
623 3980 745 4052 praedicit
758 3980 862 4046 electis,
870 3980 942 4036 ideo-

147 4068 204 4123 rpite
220 4054 287 4118 vult,
306 4055 352 4109 his
359 4053 417 4111 lieri
430 4053 632 4122 incipientibus,
645 4050 730 4117 levari
745 4053 835 4121 capita
853 4060 881 4106 et
901 4051 943 4105 in-

148 4138 284 4179 eoneusso
302 4124 393 4186 auimo
415 4139 487 4188 esse,
508 4121 664 4191 juramento
679 4137 839 4178 asseverans
859 4122 941 4176 verba

148 4208 200 4251 sua
213 4208 270 4249 nou
280 4195 437 4267 transitura.

317 4285 478 4356 bolitttlctt
499 4287 533 4341 lll
549 4286 584 4342 tu
601 4286 776 4352 ADVENTU.

149 4376 287 4454 Crisaeus
302 4378 386 4436 Pausi
406 4395 439 4435 iu
458 4378 525 4436 Coit.
545 4379 565 4445 l,
585 4395 644 4436 cte.
665 4396 691 4435 iv
703 4399 711 4435 ι
725 4379 770 4437 Sic
789 4396 836 4435 tros
850 4380 941 4436 scisti-

148 4582 153 4589 ,
186 4520 212 4576 l.
229 4518 270 4575 tte
283 4518 396 4603 apostoli
410 4460 522 4591 qiiid'gii:
533 4449 693 4576 'micum
705 4531 809 4576 taccam
820 4520 853 4576 de
863 4533 942 4590 pseu·

149 4589 328 4661 doapostolrs)
344 4591 427 4647 nimia
443 4589 523 4661 laude
534 4519 687 4651 ironorandi
701 4599 774 4645 suut.
801 4589 863 4649 ideo
877 4589 941 4661 alibi

149 4660 229 4745 elisit,
241 4658 368 4743 Numquid
380 4659 480 4715 Paulus
497 4660 643 4742 crucilltuis
658 4661 719 4743 est?
734 4658 849 4716 llinistri
862 4660 942 4717 Clari-

149 4742 198 4797 sti,
208 4740 238 4786 ct
251 4730 451 4812 dispensatores
465 4731 818 4813 mysteriorumnlleibaheri
831 4732 940 4814 (lebeus.

149 4798 945 4954 li,lillis¹'ill{iste,litt-{haithebif

149 4938 269 5013 epistola
283 4938 329 5013 st,
345 4941 380 4996 ad
390 4939 543 5023 muralium..
561 5009 568 5022 ·

185 5010 215 5096 ᾖ.
231 5009 305 5093 litter
319 5011 486 5094 conditiones
502 5010 630 5084 ministri,
650 5011 798 5138 requiritur
817 5013 899 5096 utsit
913 5011 944 5095 ll-

150 5079 312 5208 iiiiii
321 5076 746 5210 tilihhlllhblbtt
760 5081 902 5208 illiti
916 5096 946 5207 li

151 5220 246 5303 omnia
260 5191 310 5304 suo
326 5230 448 5306 tempore
463 5230 499 5304 'ct
511 5221 607 5305 ordine
618 5224 646 5279 in
658 5169 870 5281 euticianam
885 5195 946 5278 eor·

151 5289 345 5417 υοιιιᾶβὶιιιιι
354 5292 471 5364 simplici
481 5293 624 5364 prudentia
639 5304 667 5350 et
677 5293 802 5366 prudenti
815 5293 946 5363 simplici·

153 5369 217 5488 mdo.
234 5371 431 5516 ὁιᾝζθιῖιῦεὶ
444 5432 532 5490 oculis
544 5435 697 5518 ‚perspicua
712 5444 776 5490 sunt
787 5433 889 5498 omnia,
903 5435 948 5489 eui

153 5516 238 5583 piune
245 5503 381 5572 tudinum
397 5502 680 5588 de·oecultis·dclerri
695 5506 785 5588 debet,
798 5507 948 5560 carendum

154 5570 233 5628 nobis
249 5580 303 5637 est,
326 5590 446 5658 tte-serti
459 5582 620 5657 sententiam
636 5574 744 5630 Domini
756 5576 947 5657 aitticipemum

154 5638 877 5787 iiiiiiiidi'iiiiiisli'iaiiii”iiim
902 5661 948 5716 ‘¹¹¹¹

1111 473 1156 515 tres
1172 457 1200 512 t'u
1211 454 1323 511 uinculis
1333 468 1412 523 opera
1426 448 1534 514 Citrisrt',
1547 459 1601 506 cte.

1005 547 1034 610 d.
1058 546 1170 618 legatio
1183 544 1375 615 discipulorum
1388 539 1501 596 loannis
1518 542 1552 597 ad
1566 541 1705 601 Christum
1720 544 1759 604 iu·

972 611 1762 686 stiuita,nonquodloannesdubitaretChristumilessiam

973 702 1044 751 esse,
1064 701 1153 756 uerpie
1171 700 1281 741 carcere
1300 683 1413 738 territus
1433 682 1549 738 mutavit
1564 683 1763 756 coitlessionem

974 772 1062 820 suain,
1079 758 1128 811 sed
1140 756 1204 825 quia
1218 755 1277 826 eius
1290 752 1415 822 discipuli
1429 752 1577 825 humanum
1591 753 1719 822 quiddam
1731 757 1766 810 de

974 826 1084 881 Christo
1095 824 1277 895 patiebantur,
1290 837 1324 877 ne
1331 821 1494 904 perniciose
1507 824 1648 895 materiem
1661 825 1766 894 opinio-

975 896 1018 951 nis
1029 903 1057 951 et
1066 893 1206 950 loannitas
1214 908 1265 965 pro
1274 891 1438 953 Chttstianis
1447 892 1619 962 relinqueret,
1632 894 1768 966 ablegavit

976 980 1050 1021 suos.
1695 971 1699 979 '

1011 1033 1039 1101 2.
1058 1033 1141 1101 Facta
1152 1031 1255 1091 Christi
1267 1031 1342 1105 (caci
1352 1029 1440 1087 visum
1453 1030 1596 1101 rccipiunt,
1612 1030 1701 1089 claudi
1712 1049 1769 1088 am-

977 1104 1088 1170 bulant,
1109 1104 1208 1174 leprosi
1227 1102 1403 1165 mundantur,
1425 1102 1500 1156 surdi
1519 1103 1650 1169 audiunt,
1670 1104 1770 1158 moi-tui

977 1176 1141 1237 ordiamur,
1159 1188 1292 1243 pauperes
1308 1170 1540 1241 evangelizantur)
1554 1172 1618 1255 quid
1636 1182 1701 1231 suut
1717 1174 1771 1244 nisi

978 1260 1053 1299 mem
1074 1242 1214 1347 liveiiclacta
1235 1243 1360 1309 llessiam
1383 1257 1416 1296 cii
1444 1243 1594 1312 prophetiis
1618 1245 1712 1311 adesse
1732 1253 1771 1302 ter

979 1315 1094 1375 stantia.

1013 1385 1041 1439 ll.
1062 1384 1156 1455 lingna
1169 1382 1228 1438 laus
1237 1379 1358 1443 loannis,
1372 1379 1447 1435 vocis
1457 1379 1600 1437 clamantis
1613 1382 1640 1437 in
1653 1383 1772 1449 deserto,

981 1468 996 1507 a
1012 1453 1176 1522 constantia,
1192 1453 1316 1515 auitae
1334 1449 1479 1519 scriptura.
1495 1450 1529 1503 lit
1542 1453 1615 1520 quod
1633 1453 1704 1507 iuter
1714 1469 1774 1521 cos,

1000 1524 1027 1578 ui
1047 1538 1081 1577 eii
1104 1522 1262 1577 mulieribus
1281 1525 1441 1593 nascuntur,
1463 1533 1543 1589 ucpto
1565 1521 1652 1593 maior
1670 1521 1774 1583 loaune

1020 1594 1104 1664 ptista
1118 1600 1230 1657 exortus
1241 1589 1302 1649 iult.
1612 1600 1614 1604 ’

1167 1704 1329 1777 nouimus
1348 1703 1383 1771 ιι
1401 1704 1597 1775 tutemus,

983 1797 1117 1855 Erisrost
1136 1812 1170 1851 in
1187 1795 1387 1863 Putiirrsitsiis,
1406 1808 1466 1850 css.
1485 1811 1512 1850 ir
1528 1813 1534 1848 ε
1552 1793 1670 1852 Gaudete
1683 1800 1711 1852 itt
1724 1798 1777 1858 tm

1064 1869 1136 1931 mino
1149 1882 1261 1936 semper,
1277 1875 1300 1920 et
1315 1866 1412 1919 iterum
1426 1865 1484 1919 dico
1499 1866 1621 1936 pertriste,
1636 1883 1697 1922 erc.

1019 1959 1045 2013 l.
1066 1957 1281 2018 Christianorum
1295 1964 1338 2011 est
1351 1971 1460 2025 semper
1473 1957 1590 2031 gaudere
1610 1957 1636 2011 in
1652 1958 1777 2033 hominm

984 2031 1067 2086 etiam
1087 2029 1114 2082 in
1134 2027 1232 2082 mediis
1250 2025 1450 2098 alllietionibus,
1466 2027 1610 2082 scientium
1623 2029 1694 2097 quod
1710 2030 1780 2085 alili.

985 2100 1040 2156 ctio
1053 2099 1212 2169 patientiam
1225 2097 1324 2173 pariat,
1343 2098 1473 2166 patientia
1500 2097 1700 2165 probationem,
1717 2115 1780 2182 pie

984 2170 1061 2227 hatio
1074 2183 1166 2238 spem,
1186 2180 1268 2238 porro
1288 2181 1350 2236 spes
1368 2182 1423 2223 non
1436 2167 1582 2237 pudclacit.
1601 2167 1637 2222 Et
1650 2169 1781 2239 hominm

985 2255 1035 2310 pro
1055 2246 1133 2294 cest.

1021 2255 1053 2364 ιι.)
1068 2309 1130 2376 Vita
1140 2307 1295 2364 Christiana
1308 2316 1351 2362 est
1362 2305 1503 2363 modestiae
1513 2305 1659 2377 prolcssio,
1672 2308 1729 2365 haec
1742 2309 1782 2364 sic

986 2390 1052 2437 nota
1070 2379 1107 2440 sit
1125 2379 1252 2435 omnihus
1269 2378 1434 2449 bominibus,
1449 2377 1555 2445 utboni
1574 2376 1702 2433 meliores
1716 2378 1783 2451 liant

987 2450 1111 2575 f¹iffll³¹⁰
1131 2448 1368 2521 Christianorum,
1392 2455 1421 2514 et
1445 2445 1508 2509 mali
1533 2448 1713 2504 concilientur
1737 2458 1784 2505 aut

1000 2537 1048 2576 ran
1068 2527 1157 2575 antur.

1000 2536 1245 2653 ·o.⁸condtttones
1262 2587 1396 2645 orationis
1417 2593 1518 2652 recta,
1539 2602 1591 2656 qua
1613 2587 1734 2644 Ecclesia
1756 2599 1784 2652 et

987 2659 1075 2717 saneti
1089 2667 1179 2723 orant,
1192 2659 1290 2727 quilius
1299 2674 1356 2729 pas·
1366 2658 1412 2719 liei
1426 2674 1486 2728 qum
1498 2667 1609 2729 superat
1619 2674 1728 2714 oniiicm
1742 2660 1785 2714 itt·

988 2731 1127 2787 ttdlectum
1141 2729 1311 2809 adipiscitur.
1533 2732 1535 2737 '

988 2843 1162 2911 Eriuessiuit
1185 2841 1311 2925 loistris,
1337 2857 1395 2898 cia.
1415 2857 1424 2898 ι
1449 2860 1455 2895 :
1482 2840 1612 2924 lliseruqt
1637 2841 1727 2899 teum
1751 2863 1783 2909 aa

1104 2938 1107 2945 ·
1124 2911 1330 2983 Hierosolymis,
1345 2913 1494 2971 sucmdotcs
1507 2923 1532 2966 et
1547 2911 1650 2977 imitus.

1025 3005 1052 3058 l.
1072 3001 1183 3058 loannis
1202 3001 1386 3057 testimonium
1400 3001 1464 3071 quid
1482 3018 1537 3073 tion
1556 3002 1591 3063 sit
1607 3002 1715 3074 (nempe
1730 3021 1785 3070 non

990 3076 1024 3131 sit
1039 3073 1174 3149 Christus,
1187 3087 1238 3127 nec
1251 3071 1337 3137 Elias,
1351 3071 1557 3146 necpropheta)
1569 3072 1673 3143 etquid
1686 3075 1733 3143 sit,
1746 3080 1788 3136 ni,-

990 3147 1089 3201 mirum
1104 3157 1157 3198 vor
1172 3142 1316 3207 clamantis
1330 3143 1357 3197 in
1373 3143 1490 3199 deserto.

1024 3214 1051 3270 Ξ.
1072 3213 1140 3282 Quia
1151 3213 1276 3269 Christus
1286 3213 1403 3269 obscuro
1414 3227 1515 3284 periere
1526 3221 1617 3285 uatus,
1633 3220 1661 3269 et
1672 3228 1788 3273 conver·

990 3285 1060 3343 satie
1070 3284 1171 3340 Christi
1185 3284 1347 3346 eommunis,
1357 3293 1486 3353 tanquam
1502 3299 1572 3339 tirius
1583 3282 1657 3338 enini
1669 3299 1702 3340 cr
1718 3287 1790 3348 mule

990 3356 1106 3413 titudine
1124 3354 1296 3417 versabatur,
1320 3362 1348 3409 et
1367 3353 1530 3408 vestimenta
1550 3353 1654 3409 Christi
1679 3355 1747 3410 niliil
1771 3373 1787 3414 a

990 3425 1070 3497 vulgo
1091 3422 1254 3489 differentia,
1276 3431 1400 3478 econtra
1420 3421 1532 3476 loannis
1547 3423 1652 3478 natales
1666 3421 1788 3482 celeberss

990 3496 1084 3560 mmm,
1104 3494 1160 3548 vita
1175 3494 1342 3562 asperrima,
1363 3493 1549 3549 indumentum
1563 3507 1579 3547 e
1615 3493 1657 3548 ills
1671 3496 1791 3558 camelos

990 3579 1062 3630 rum,
1077 3563 1154 3619 cibus
1168 3562 1289 3627 locuste,
1302 3570 1368 3629 etc..
1382 3563 1543 3624 maluissent
1553 3508 1640 3619 inimi
1653 3561 1787 3622 loannem

990 3650 1071 3706 quatu
1086 3634 1224 3690 Christum
1239 3632 1401 3705 magistrum
1415 3631 1531 3702 habere,
1553 3642 1581 3692 et
1600 3634 1661 3690 idea
1677 3637 1791 3700 mittunt

989 3705 1230 3790 praestantissimos
1253 3704 1365 3775 legatos,
1389 3704 1546 3761 sacerdotes
1570 3714 1598 3762 et
1621 3704 1731 3761 Levitas
1755 3701 1790 3775 ab

991 3777 1058 3847 ipsis
1073 3775 1277 3847 llierosolymis,
1293 3776 1316 3830 si
1336 3774 1468 3830 loannem
1487 3774 1644 3839 adulatione
1657 3777 1710 3834 huc
1725 3792 1789 3848 perf

991 3855 1003 3902 t
1036 3848 1111 3911 hant,
1127 3855 1157 3901 tit
1169 3860 1200 3901 se
1213 3846 1351 3902 Christum
1367 3846 1449 3901 dicat.

1046 3957 1053 3971 .
1074 3916 1230 3987 llillprcntia
1244 3915 1356 3971 loannis
1367 3924 1395 3971 et
1407 3904 1525 3981 Christi,
1540 3924 1568 3971 et
1579 3917 1722 3988 utriusque
1737 3919 1788 3973 ba·

990 3988 1143 4057 posuistis,
1162 4001 1224 4042 cum
1242 3986 1396 4040 testimonio
1414 3983 1537 4049 loannis,
1553 3988 1625 4056 quod
1640 4001 1787 4057 argumen-

991 4067 1049 4113 tum
1070 4067 1112 4113 est
1132 4056 1291 4113 diuinitatis.
1311 4054 1394 4124 Cujus
1414 4069 1465 4127 epo
1483 4071 1538 4111 non
1558 4073 1620 4115 sum
1639 4057 1738 4128 diguus
1758 4069 1789 4113 ut

991 4129 1093 4184 soleam
1107 4127 1261 4197 corrigiam,
1276 4136 1329 4185 etc.

993 4217 1156 4291 (Sequuntur
1165 4216 1309 4272 summarie
1320 4215 1501 4287 Epistularum
1511 4227 1535 4273 et
1545 4217 1750 4290 diametrorum
1762 4221 1790 4273 iu

1027 4288 1160 4344 natalibus
1170 4285 1358 4359 apostolorum,
1372 4289 1726 4359 martyrummeufesmmm,
1738 4290 1791 4345 eir-

1026 4361 1124 4431 pimtm.
1140 4374 1170 4414 eo
1185 4357 1285 4423 ordine,
1299 4373 1376 4429 quem
1392 4357 1555 4439 Smurupdsts
1570 4360 1704 4431 urescit.)

1155 4469 1190 4526 lN
1208 4469 1336 4526 hornut
1354 4469 1623 4528 neostobottbtt.
1723 4494 1732 4511 ·

990 4565 1125 4623 Eetsroii
1135 4563 1220 4619 Pausi
1233 4578 1267 4616 in
1282 4563 1364 4625 Ruit..
1380 4579 1439 4619 cie.
1454 4580 1502 4619 rtii
1520 4582 1527 4619 :
1544 4562 1649 4633 Scimus
1662 4567 1788 4637 quoniam

1252 4632 1420 4705 dilipetttibtts
1434 4633 1529 4689 Deum.

1029 4731 1055 4785 l.
1074 4728 1277 4786 Consolatorius
1297 4726 1387 4792 luciis,
1414 4728 1517 4783 liabens
1540 4735 1730 4811 argumentum
1753 4729 1788 4784 ab

993 4802 1064 4861 utili.
1081 4800 1137 4857 lloc
1149 4809 1192 4857 est
1204 4814 1371 4872 quaectmquc
1385 4796 1495 4854 aillictio
1507 4805 1648 4870 contingat
1663 4814 1678 4852 a
1696 4814 1788 4863 eante,

994 4864 1107 4937 miinob',
1122 4871 1162 4926 rel
1177 4869 1288 4935 Sataaa,
1310 4885 1370 4924 eam
1391 4869 1529 4938 prodesse,
1545 4879 1574 4925 et
1596 4868 1792 4926 misericordie

994 4940 1043 4997 bet
1054 4957 1123 5013 opus
1135 4954 1205 5006 esse,
1220 4940 1293 5011 qued
1305 4955 1355 4994 nos
1368 4941 1436 4992 irarn
1449 4937 1672 5009 interpretamur.

1030 5011 1058 5066 2.
1077 5010 1243 5068 Gradationc
1274 5008 1445 5079 ¹ulclierrima
1466 5011 1546 5065 docet
1566 5010 1639 5066 unde
1660 5009 1698 5065 sit
1719 5006 1793 5072 salus

997 5090 1101 5155 nemra,
1112 5082 1240 5137 nimirum
1250 5026 1423 5143 sielectioite
1434 5079 1570 5152 llei,quos
1583 5078 1792 5152 praedefinierat,

997 5152 1104 5215 eusdem
1117 5161 1148 5208 et
1158 5152 1265 5208 vocavit
1279 5165 1328 5223 per
1341 5149 1528 5219 lisingehem,
1541 5160 1653 5209 vocatos
1661 5148 1813 5219 justitiet-⁸

997 5224 1036 5278 tit
1048 5223 1111 5288 ilde,
1125 5223 1233 5279 tandem
1247 5219 1458 5292 glorificaturus.
1472 5220 1535 5277 liae
1547 5217 1795 5293 praulestinatioms

997 5295 1148 5349 necesitas
1158 5293 1259 5348 docens
1273 5292 1488 5346 misericordiam
1501 5293 1558 5361 Dei,
1570 5291 1643 5361 puori
1656 5290 1724 5344 citra
1739 5286 1795 5340 ullu

997 5365 1094 5418 merita
1108 5362 1271 5431 praedellnit,
1286 5370 1361 5433 grata
1374 5370 1416 5417 est
1430 5363 1550 5432 spiritui,
1565 5364 1659 5416 odiosa
1670 5358 1756 5412 carui.

1032 5433 1060 5487 5.
1081 5433 1246 5504 Argumepta
1261 5431 1449 5488 beneficentiae
1462 5432 1510 5487 liei
1522 5446 1586 5500 erpa
1601 5445 1651 5484 nos
1662 5426 1793 5493 titaxlma,

998 5512 1026 5559 et
1037 5518 1142 5558 summa
1154 5503 1262 5566 solatia,
1274 5503 1384 5586 proprio
1398 5502 1454 5558 lilio
1466 5516 1515 5555 suo
1526 5516 1580 5555 non
1592 5497 1723 5568 pepercit,
1737 5506 1793 5551 etc.

999 5574 1181 5629 lterlamemiis
1195 5574 1235 5628 sic
1249 5581 1348 5633 amati.
1367 5588 1417 5627 nec
1432 5571 1575 5653 qitiequam
1591 5573 1698 5638 separet
1716 5581 1765 5620 uos
1780 5582 1795 5635 a

999 5644 1144 5770 gillemioue
1165 5645 1229 5713 bei,
1252 5659 1306 5714 qua
1328 5643 1366 5698 illl
1390 5640 1607 5711 conglutinamur
1629 5651 1677 5711 per
1700 5634 1794 5710 lesttip

1042 5714 1148 5787 riflum?
1631 5714 1634 5719 .
