3794 6120
130 279 183 339 tut
777 276 954 336 sustinent
972 275 1118 333 trusus
1705 269 1757 329 468

131 407 196 464 mut,
205 395 352 454 nouom
366 396 448 453 verba
470 394 591 465 Apostoli
607 395 801 451 commonentis
816 412 823 447 ε
840 391 921 447 deie-
934 388 1038 451 Aurini
1052 387 1203 452 Trlnmmis,
1226 393 1253 440 et
1269 386 1329 441 idco
1349 397 1419 441 unus
1438 381 1518 447 Deus,
1532 392 1560 440 et
1572 397 1628 438 una
1638 379 1719 451 ides,
1732 389 1762 441 et

130 496 298 559 mus-nutent
321 503 386 554 nor,
408 486 454 558 qui
472 485 595 558 fortiores
615 503 725 552 sumus,
755 482 921 554 intirmitotet
972 490 1056 532 tinum
1069 476 1201 549 baptisma
1220 490 1269 530 ote
1287 472 1433 546 apostolico
1447 473 1618 545 praedroatur.

130 575 297 632 imbecillium
323 583 448 648 portare,
481 584 506 630 et
528 593 580 630 non
607 575 795 645 noiistnetipsit
818 571 921 646 placere
1007 566 1060 634 pat
1069 583 1147 639 super
1155 583 1253 632 omnes,
1265 574 1289 620 et
1302 583 1348 638 per
1356 566 1453 630 omnio,
1465 574 1489 619 et
1503 565 1530 620 in
1541 563 1661 620 onmtu
1674 563 1761 633 nolu,

132 663 219 737 idom.
234 664 290 737 rr).
971 662 1016 732 qai
1030 659 1228 715 estbenedictus
1248 659 1276 712 in
1295 657 1403 714 seculo.
1428 658 1574 714 Diversitas
1588 664 1680 715 autem
1692 671 1760 729 pru·

166 752 279 810 Solliciti
292 769 395 809 seruere
416 755 541 808 unitatem
560 754 667 826 spiritus
682 757 710 809 in
723 754 825 810 vinculo
836 756 919 827 reete
970 748 1146 818 positionum,
1169 748 1310 819 inquibus
1330 747 1449 803 dieitur:
1466 745 1538 803 Unus
1554 747 1626 804 Deus
1644 757 1670 805 et
1688 756 1764 821 puer

131 844 263 914 Ephesiis
279 843 325 913 qui
336 843 394 914 jam
416 845 547 900 uniutem
572 847 658 901 saneti
679 843 796 915 Spiritus
814 844 922 900 lucrant
971 839 1097 905 omnium,
1111 857 1155 911 qur
1169 856 1246 912 super
1256 856 1344 895 omme
1356 848 1381 895 et
1392 855 1440 911 per
1451 840 1549 906 omnio,
1564 848 1587 894 et
1600 840 1629 895 ir
1641 839 1763 897 eunitae

131 932 279 999 consecuti,
302 941 377 989 recte
393 933 502 998 dicitur,
526 932 637 991 solliciti
660 948 768 990 serrare
790 934 922 989 unitatem
971 929 1106 985 diversam
1120 929 1325 1001 intelligentiam
1338 928 1417 1000 sapit.
1432 927 1520 999 Super
1531 929 1622 984 omnia
1634 929 1708 985 enim
1721 938 1765 987 est

131 1023 244 1093 spiritus
259 1024 286 1078 in
300 1023 407 1079 vtneulo
420 1025 505 1095 pacis.
522 1025 572 1093 Qui
589 1026 662 1080 emm
676 1026 740 1097 quid
755 1026 847 1091 nabet,
864 1040 922 1081 ser·
972 1017 1043 1074 neus
1057 1018 1145 1085 Pater,
1161 1020 1207 1089 qut
1222 1028 1318 1076 auctor
1335 1028 1376 1075 est
1389 1020 1520 1086 omnium,
1542 1034 1592 1091 per
1604 1021 1697 1076 omnia
1721 1018 1764 1077 ii·

131 1113 211 1166 randi
225 1111 264 1169 illi
277 1111 429 1169 sollicitudo
445 1115 610 1185 precipitur,
633 1116 679 1186 qui
693 1124 784 1171 autmn
807 1131 861 1171 non
875 1116 923 1170 ha·
973 1108 1031 1172 lius.
1048 1109 1093 1178 uui
1113 1117 1210 1164 cuncta
1225 1110 1384 1165 transcurrit
1403 1109 1530 1180 vaditque
1550 1125 1601 1181 per
1621 1111 1714 1165 omnia
1735 1110 1765 1168 in

131 1203 187 1266 net,
202 1203 319 1258 studium
332 1202 370 1257 itti
387 1212 418 1258 ut
431 1204 530 1260 nabere
543 1205 641 1271 valeas,
661 1207 816 1277 imperatur,
972 1197 1096 1252 omnibus
1115 1196 1231 1269 Spiritus
1245 1205 1366 1264 sanctus,
1379 1198 1442 1270 quia
1461 1198 1528 1253 nihil
1546 1198 1647 1271 absque
1663 1194 1764 1257 coest

169 1311 256 1369 ileum
269 1330 373 1387 corpus.
387 1315 433 1371 Vel
447 1314 605 1386 simpliciter
616 1333 699 1373 tanum
712 1333 809 1389 corpus
823 1317 923 1375 Christi
973 1286 1087 1391 offlam
1101 1289 1162 1391 ΙΨ*
1177 1291 1248 1359 q⁰⁰¹¹
1266 1289 1396 1360 “fimum
1410 1297 1470 1344 ⁰⁸¹³
1485 1287 1570 1361 sulm
1580 1306 1669 1347 mmm
1680 1299 1707 1346 θ’
1717 1308 1766 1363 W

133 1403 302 1477 immuunt,
317 1419 376 1474 m
389 1414 429 1461 es,
445 1404 575 1471 Ecclesia.
591 1408 632 1463 vel
645 1418 719 1464 cem
732 1407 802 1477 qnod
817 1423 852 1464 ex
867 1409 923 1463 tir·
972 1394 1071 1443 orntnn,
1085 1386 1108 1432 et
1123 1395 1150 1433 tn
1164 1379 1326 1434 omniissad
1339 1377 1457 1445 Patrem,
1468 1378 1614 1446 etlilium,
1628 1389 1657 1436 et
1677 1379 1764 1454 Spiri-

133 1499 195 1568 gine
220 1508 262 1554 est
285 1499 410 1569 dignatus
429 1514 577 1563 assutncre,
599 1514 633 1554 ne
648 1497 685 1552 illi
708 1498 816 1568 quidem
830 1505 925 1568 putent

974 1479 1030 1524 tum
1041 1478 1163 1526 sanctum
1177 1471 1213 1526 sit
1225 1471 1359 1527 aestimant
1375 1485 1435 1526 esse
1450 1468 1632 1538 sciscendum,
1645 1480 1675 1527 nt
1685 1488 1768 1545 siper

134 1587 214 1642 umes
225 1594 407 1657 mmmmm,
424 1589 530 1657 ,moues
550 1589 577 1642 ὴ,
592 1587 680 1643 pem,
697 1588 820 1658 apparui,
831 1586 925 1642 Tem,
973 1560 1071 1625 omnio,
1082 1558 1163 1616 Pater
1175 1561 1219 1627 sit,
1237 1561 1300 1631 qrrin
1311 1568 1406 1615 auctor
1421 1568 1462 1617 est
1473 1561 1603 1626 omnium,
1618 1562 1767 1633 perornata

134 1688 226 1734 triento

169 1788 246 1848 Unus
260 1793 378 1863 spiritur.
395 1792 471 1848 Unus
482 1793 581 1862 quippe
598 1792 710 1862 largitor
728 1798 756 1846 et
769 1790 855 1846 sertui

136 1890 178 1936 tor
199 1889 242 1937 cst
263 1881 395 1944 orrrnium,
422 1881 464 1937 tel
477 1891 550 1937 certe
576 1897 659 1936 unum
683 1896 780 1950 corpus
793 1879 827 1934 ad
842 1879 924 1933 ritum

135 1972 252 2027 retertur
266 1979 293 2025 et
317 1986 416 2041 opera,
441 1987 502 2041 qun
524 1969 619 2026 Graece
643 1971 770 2027 dicuntur
787 1969 925 2041 apennis

135 2063 200 2128 iate,
218 2069 245 2116 et
257 2077 326 2116 unus
340 2062 453 2131 spiritus
462 2062 497 2117 ad
509 2062 651 2117 scientiam
674 2072 702 2117 et
721 2059 926 2129 contemplatio-

135 2166 207 2216 nem,
222 2166 282 2220 quae
292 2153 401 2222 proprio
414 2161 537 2208 uersatur
551 2154 578 2209 in
592 2151 684 2208 corde.
699 2158 725 2206 et
745 2150 779 2207 ab
793 2151 845 2207 illis
862 2149 926 2205 dici-

136 2251 179 2297 ων
192 2245 284 2319 θεωρία

171 2355 246 2409 Sicut
256 2359 339 2410 uocati
353 2358 413 2434 estis
432 2359 458 2412 in
470 2374 523 2412 uno
536 2374 580 2427 ape
591 2358 732 2412 notationis
744 2365 842 2411 rettrre.
858 2353 925 2409 Cum

134 2460 204 2516 ergo
214 2448 365 2502 ntemltrum
376 2450 438 2517 qrris
450 2447 532 2502 luerit
543 2447 681 2513 Sceledre,
692 2462 741 2502 nee
755 2446 789 2501 ab
801 2461 854 2500 uno
867 2445 926 2516 ejus

135 2538 231 2606 spiritu
245 2549 397 2609 separatus,
411 2548 608 2609 consentienter
629 2539 682 2598 erit
702 2539 729 2594 in
748 2553 803 2593 una
817 2551 865 2607 spe
879 2552 926 2592 ro·

135 2627 260 2683 cationis.
291 2628 426 2698 Queritur
449 2630 584 2700 utromodo
609 2644 661 2683 una
690 2643 752 2698 spes
778 2628 927 2684 secationis

135 2718 187 2778 sit,
212 2731 273 2772 oum
299 2717 370 2788 apud
393 2717 502 2773 Patrem
525 2716 638 2773 diversas
665 2719 726 2788 sint⁸
752 2717 923 2782 mansiones,

137 2807 169 2859 al
194 2808 267 2876 quod
290 2822 372 2862 unam
392 2822 467 2877 spem
491 2808 639 2864 vocationis
656 2822 767 2878 reguiam
782 2807 921 2872 eoelonrm,

137 2899 319 2967 optationem
342 2901 442 2955 bonum
467 2902 513 2957 Dei
538 2899 626 2956 Patris
651 2915 712 2956 esse
737 2901 872 2965 dicemus,
897 2907 925 2954 et

136 2991 163 3043 in
188 3004 241 3044 una
260 2992 340 3046 demo
364 2990 453 3046 rarius
475 2992 640 3046 mansiones.
658 2990 717 3043 lilia
745 2991 816 3046 enim
840 2989 924 3059 gloria

973 1649 1081 1715 Filium,
1097 1652 1160 1721 quia
1173 1667 1222 1722 per
1234 1650 1331 1706 Filium
1344 1660 1435 1707 creata
1448 1658 1510 1707 sunt
1523 1650 1624 1717 omnia,
1635 1651 1663 1706 itt
1676 1652 1766 1709 emni-

857 1789 922 1843 ssm-
938 1758 962 1816 ῃ
976 1739 1023 1796 ius
1035 1739 1153 1811 Spiritus
1162 1749 1281 1804 sanctus,
1297 1740 1354 1809 ipse
1366 1741 1437 1796 enim
1451 1739 1624 1797 credentibus
1636 1739 1728 1807 datur,
1738 1748 1767 1797 et

976 1831 1104 1905 templum
1122 1847 1216 1887 sumus
1241 1831 1358 1902 Spiritus
1380 1832 1476 1898 sancti,
1497 1841 1526 1887 et
1537 1831 1619 1889 Pater
1632 1841 1660 1889 et
1680 1824 1772 1889 rtttn

976 1922 1099 1978 habitant
1113 1923 1141 1978 in
1152 1923 1239 1980 nobis.

1164 2074 1332 2115 Eilllffllllfl
1351 2073 1437 2125 ΗΜ,
1455 2073 1515 2113 ω.
1534 2072 1590 2111 ΧΠ.

1013 2208 1022 2239 t
1037 2189 1104 2246 Cum
1116 2191 1230 2247 intraret
1239 2189 1318 2246 lesus
1329 2189 1356 2244 io
1366 2187 1474 2244 domam
1488 2186 1626 2257 cujusdam
1636 2183 1769 2257 princlp'u

979 2276 1199 2335 «Phansaeorum
1221 2277 1333 2333 sabbato
1355 2277 1518 2333 manducare
1540 2288 1648 2347 panem,
1664 2282 1695 2328 et
1716 2274 1768 2345 ipsi

979 2388 988 2420 ι
1005 2369 1185 2425 obaemahant
1199 2384 1271 2424 earm.
1286 2369 1320 2424 Et
1340 2384 1403 2426 ecce
1419 2366 1620 2439 homoquidam
1636 2364 1768 2439 hydropi-

979 2477 987 2508 ι
1003 2473 1051 2513 eus
1064 2466 1123 2514 emt
1139 2467 1202 2514 anto
1216 2458 1300 2513 illurn.
1320 2458 1352 2513 Et
1367 2458 1532 2528 respondens
1549 2454 1629 2513 lesus
1650 2454 1719 2511 dialt
1731 2454 1770 2511 ad

979 2548 1174 2621 «legisperitos
1192 2559 1220 2606 et
1244 2549 1417 2607 Pharisaeos:
1438 2548 1467 2605 Si
1490 2549 1553 2605 licet
1580 2546 1696 2604 sabbato
1716 2558 1766 2602 etr·

978 2640 1083 2694 crare?
1097 2641 1132 2694 tt
1155 2640 1194 2695 itii
1217 2649 1368 2696 tacuonmt.
1400 2639 1459 2712 lpse
1479 2654 1544 2695 vcro
1568 2637 1767 2709 apprensum

978 2731 1111 2785 «sanarit
1131 2747 1192 2787 eom
1216 2747 1248 2786 ac
1269 2731 1380 2787 dimisit.
1405 2730 1439 2785 tta
1460 2730 1628 2800 respondens
1650 2727 1686 2785 ad
1707 2724 1769 2785 illos

978 2842 987 2873 ι
1002 2823 1071 2879 dixit
1086 2843 1092 2878 ε
1107 2824 1189 2893 Citius
1202 2833 1320 2881 restrum
1332 2823 1425 2880 annus
1439 2832 1486 2878 attt
1497 2822 1546 2878 bos
1557 2824 1583 2877 ln
1595 2831 1707 2892 putenm
1719 2832 1767 2874 ca·

978 2934 987 2967 a
1004 2915 1058 2978 det,
1081 2925 1109 2971 et
1130 2930 1182 2970 nnn
1203 2916 1331 2971 erratione
1351 2914 1476 2971 extrahet
1498 2928 1559 2969 eum
1582 2912 1625 2967 dic
1643 2908 1769 2968 numne

977 3005 1043 3061 «iit
1073 3023 1128 3062 non
1151 3013 1276 3077 poterant
1302 3006 1336 3061 ad
1366 3006 1425 3060 nce
1451 3002 1614 3083 respondere
1639 2998 1688 3056 illl.
1716 2994 1765 3054 m-

136 3083 221 3146 actis,
239 3081 290 3135 alia
304 3081 393 3145 lunae,
415 3081 467 3134 ulia
486 3081 624 3136 stellarum
647 3079 680 3152 (i
699 3080 759 3135 Cor,
790 3082 852 3154 rr),
877 3089 959 3157 autc
978 3116 987 3147 ,
1006 3095 1084 3151 oehap
1109 3101 1199 3150 autem
1227 3095 1261 3150 ad
1280 3095 1407 3151 imppp„
1427 3092 1597 3164 parabolam,
1623 3088 1769 3145 intendem

137 3180 211 3225 certo
228 3170 292 3224 illud
314 3170 440 3224 subtilius
464 3170 608 3236 indicatur,
622 3169 694 3240 quod
709 3170 735 3223 in
750 3170 843 3226 lineet
858 3186 923 3227 onn-

136 3259 317 3313 summationo
336 3272 425 3314 rerum
441 3259 467 3312 in
483 3259 624 3329 pristinum
645 3266 745 3314 statum
760 3261 926 3316 restituenda

136 3350 192 3402 sint
211 3349 312 3414 omnia,
331 3350 440 3418 qrrando
454 3362 548 3404 omnes
564 3365 646 3404 urium
664 3364 762 3419 cerpus
785 3348 924 3416 efficimur,

136 3448 163 3494 et
186 3440 214 3493 ln
230 3440 318 3493 virum
338 3438 486 3510 perlectum
509 3439 698 3507 reformamur,
721 3451 747 3497 et
768 3444 855 3498 oratio
878 3460 926 3513 pro

135 3530 214 3585 nutis
239 3529 386 3586 saltaturis
408 3530 534 3601 impletur
553 3550 559 3584 :
581 3529 671 3596 Pater,
695 3534 729 3586 do
750 3542 776 3586 ut
798 3534 926 3606 quomodo

136 3637 183 3689 epo
197 3630 221 3673 et
234 3629 262 3674 tu
284 3636 365 3675 naum
384 3637 484 3685 tumus,
505 3623 542 3675 sie
556 3632 580 3676 et
597 3624 639 3677 isti
652 3625 679 3676 tn
694 3625 767 3677 rtobis
781 3641 860 3678 unum
874 3625 926 3681 rint

980 3183 1142 3254 «quomodo
1162 3184 1265 3254 primos
1293 3184 1434 3239 accubitus
1458 3182 1598 3252 eligerent,
1619 3179 1715 3237 diceus
1732 3176 1768 3237 ad

979 3293 988 3324 c
1005 3272 1085 3328 illos:
1099 3272 1167 3328 Cum
1179 3273 1308 3328 inritatus
1319 3270 1402 3344 lucris
1413 3273 1447 3326 ad
1460 3271 1576 3342 nuptias,
1588 3284 1643 3324 non
1652 3267 1772 3325 tuan·

980 3382 988 3414 ι
1005 3365 1092 3419 basin
1108 3364 1196 3434 primo
1215 3362 1285 3427 luco,
1302 3378 1334 3418 ne
1358 3361 1428 3416 iorte
1442 3362 1600 3416 honoratior
1612 3360 1688 3414 sitte
1700 3354 1771 3414 tois

979 3472 987 3503 ι
1006 3463 1078 3508 tatus
1091 3452 1126 3506 ab
1137 3452 1190 3516 illo,
1206 3461 1232 3507 et
1244 3453 1355 3509 ueniens
1372 3452 1394 3505 is
1412 3451 1458 3521 qui
1473 3459 1499 3505 te
1516 3456 1544 3503 ct
1556 3447 1634 3506 illum
1648 3446 1768 3511 vocant,

980 3563 988 3594 ι
1005 3543 1078 3599 dieat
1087 3544 1134 3599 tibi
1147 3563 1154 3599 ε
1167 3545 1204 3600 lla
1217 3544 1279 3598 hnic
1294 3543 1391 3608 locum,
1403 3550 1429 3596 et
1442 3550 1505 3596 tunc
1520 3540 1633 3610 incipias
1647 3553 1711 3595 cnm
1724 3552 1771 3594 ru·

980 3651 988 3682 ι
1006 3633 1259 3688 harenosissimum
1275 3632 1362 3687 locum
1376 3640 1477 3685 tenere.
1502 3627 1555 3684 Sed
1574 3641 1637 3683 mam
1656 3632 1772 3684 recatus

138 3714 228 3781 illim·
240 3712 318 3784 ΠΗ)
980 3746 989 3776 r
1007 3723 1101 3785 lucris,
1116 3724 1192 3785 tale,
1218 3721 1344 3777 reettmito
1366 3722 1392 3775 in
1409 3720 1556 3775 novissimo
1577 3717 1649 3784 loon,
1662 3726 1695 3774 tat
1707 3730 1771 3775 en!

176 3800 249 3855 Uttttt
263 3802 391 3856 Dominus
405 3812 429 3857 et
450 3820 502 3858 titan
517 3805 591 3872 fides,
612 3821 692 3858 ttnum
710 3806 927 3872 baptismatum
980 3833 989 3865 ι
1008 3815 1113 3869 scene-rit
1126 3815 1171 3883 qni
1187 3823 1212 3867 te
1227 3813 1360 3878 invitarit,
1375 3812 1445 3866 dieat
1458 3811 1506 3865 titt
1517 3828 1523 3862 :
1536 3809 1642 3874 Amice,
1655 3808 1773 3865 ascende

138 3891 208 3947 iteus
221 3903 245 3947 et
261 3891 352 3959 Peter,
367 3903 419 3949 etc.
436 3895 509 3950 Unus
530 3905 570 3951 est
592 3895 731 3962 dontinus,
746 3908 774 3952 et
796 3912 864 3952 utros
886 3907 928 3956 est
980 3905 1140 3976 «superius,
1163 3915 1226 3961 tune
1239 3905 1292 3959 erit
1314 3904 1362 3959 titt
1387 3902 1472 3975 gloria
1498 3916 1590 3957 eoram
1610 3901 1693 3956 simul
1714 3900 1771 3957 dis·
1799 3930 1804 3937 ·

138 3980 218 4049 Deras,
240 3985 304 4056 quia
324 3984 412 4040 Patris
434 3995 462 4042 et
479 3985 539 4042 Filii
554 3988 699 4043 dominatio
723 4004 775 4043 una
800 3988 927 4045 divinitas
980 3994 1203 4059 «concentibus,
1223 3995 1286 4064 qtria
1303 3995 1392 4049 omnis
1407 3994 1452 4063 qrri
1476 4006 1506 4047 se
1523 3991 1626 4047 exaltat
1641 3986 1772 4049 humilia·

138 4088 190 4144 est,
206 4088 348 4150 propterca
363 4090 390 4136 et
405 4080 471 4136 lidos
489 4098 541 4136 una
561 4084 669 4150 dicitur,
684 4087 747 4155 quia
762 4086 886 4141 similiter
901 4086 927 4140 in
980 4106 989 4137 ι
1005 4087 1088 4150 bitur,
1104 4095 1131 4140 et
1144 4086 1191 4156 qui
1205 4101 1235 4140 se
1248 4086 1371 4140 humiliat
1384 4084 1557 4140 exaltabitur.
1578 4102 1588 4136 s

137 4169 255 4235 Patrem,
269 4171 336 4228 etin
350 4171 457 4239 Filium,
470 4182 496 4227 et
512 4174 538 4228 in
552 4174 682 4246 Spiritum
701 4186 824 4233 sanctum
841 4177 928 4233 credi·
1012 4174 1078 4231 Cum
1092 4177 1201 4230 intraret
1213 4174 1292 4230 lesus
1308 4176 1335 4230 in
1358 4177 1463 4229 domm
1485 4172 1623 4244 oriudum
1644 4172 1772 4245 principis

138 4277 214 4328 rnus;
229 4272 257 4318 et
268 4264 399 4334 baptisma
408 4282 502 4331 untrm,
515 4267 609 4322 collem
622 4269 694 4323 enim
710 4270 827 4325 modoet
838 4271 865 4325 iu
877 4269 929 4324 ra·
978 4265 1175 4321 Ptousa-oran
1192 4265 1298 4321 colluto
1317 4266 1595 4339 caerimoniarum,
1611 4275 1638 4320 et
1658 4266 1711 4338 ipai
1727 4266 1771 4323 ri·

138 4363 218 4421 trem,
230 4364 257 4410 et
271 4358 299 4410 in
313 4355 420 4422 Filium,
438 4366 465 4412 et
483 4358 509 4412 in
523 4357 652 4429 Spiritum
668 4368 791 4415 sanetum
809 4360 928 4431 baptiza·
978 4361 1114 4414 seruatam
1128 4376 1197 4422 eunt,
1212 4368 1236 4413 et
1249 4375 1307 4412 eece
1327 4359 1404 4412 toruo
1417 4357 1698 4430 quidumtydroptras
1716 4366 1774 4414 em

138 4460 209 4510 rrrur,
236 4452 265 4500 et
288 4455 329 4500 ter
351 4449 509 4518 mergimur,
525 4457 554 4503 ut
569 4448 689 4503 Trinitas
707 4465 788 4505 unum
801 4449 968 4521 appareatIl
982 4458 1041 4502 orte
1061 4449 1146 4502 illum
1170 4450 1219 4519 <Ex
1232 4447 1325 4520 decla.)
1338 4449 1470 4519 liyalrnpis
1484 4449 1595 4504 moritus
1619 4449 1656 4505 alt
1670 4462 1769 4520 aspinae

138 4543 346 4589 sacramentum.
362 4535 395 4589 Et
408 4550 462 4589 non
478 4536 648 4606 baptizamur
667 4540 694 4593 in
712 4541 864 4595 nominibus
875 4541 926 4596 l’a-
978 4540 1090 4594 harmore
1108 4539 1267 4595 rocalmlum
1291 4540 1382 4594 trulrit.
1404 4538 1499 4595 ornos
1517 4538 1590 4594 enim
1609 4538 1682 4616 ὕδωρ
1701 4552 1767 4610 aqua

139 4624 198 4689 tris,
213 4633 240 4678 et
251 4623 323 4688 Filii,
336 4633 364 4678 et
378 4623 496 4695 Spiritus
517 4628 615 4688 sarmati,
635 4628 682 4682 sed
698 4630 724 4682 in
740 4645 793 4685 atrro
807 4632 926 4693 moratiue,
978 4640 1100 4684 samanar.
1112 4631 1159 4685 Est
1178 4640 1266 4686 autom
1282 4631 1379 4685 humor
1392 4631 1585 4695 subcutaneus,
1602 4629 1715 4687 sierltie
1727 4644 1769 4685 ve·

139 4715 209 4783 noel
221 4715 378 4783 intelligitur
391 4713 472 4770 lteus.
488 4714 577 4770 Potest
596 4733 677 4772 arrium
691 4718 821 4790 lcrptisrna
844 4732 872 4777 et
889 4724 927 4777 ita
979 4722 1042 4775 sicae
1062 4730 1150 4784 iratus,
1176 4738 1237 4776 eum
1252 4722 1389 4776 imitatione
1410 4729 1535 4790 turgente
1547 4730 1575 4775 et
1594 4722 1718 4777 anhelitu
1733 4719 1769 4777 b·

139 4806 203 4867 diei,
218 4803 288 4874 quod
308 4805 372 4860 lieet
386 4813 428 4860 ter
452 4806 619 4876 baptizemur
637 4816 749 4878 propter
770 4813 927 4881 nrysterium
981 4811 1045 4864 tido.
1058 4792 1254 4880 l’ropriumque
1265 4819 1305 4865 est
1319 4811 1469 4881 hydropici,
1481 4820 1582 4879 quanto
1592 4811 1771 4881 magisalmt·

140 4898 289 4964 Trinitatis,
314 4907 405 4954 umen
424 4915 507 4954 tttttrnt
528 4899 660 4969 lurptisma
674 4911 823 4972 reputetur.
841 4902 928 4960 Untrm
980 4901 1027 4955 dat
1050 4902 1163 4957 ltum0tc
1183 4903 1354 4967 inordinato,
1383 4910 1460 4957 tutto
1485 4901 1601 4972 ampliu!
1628 4902 1717 4957 titire·
1739 4900 1770 4960 ΕΙ

140 5004 247 5060 puroque
263 4990 396 5059 baptisma
416 4999 457 5045 en
470 4992 495 5046 tn
511 5006 593 5060 aqua,
606 5000 632 5046 et
647 4994 755 5061 spiriru,
773 5005 800 5049 n
823 4996 889 5066 igni,
903 5005 931 5052 ot
982 4989 1042 5044 idco
1057 5000 1230 5059 corranaratur
1247 4992 1270 5045 ct
1290 5004 1371 5058 occu
1387 4989 1476 5045 turus
1487 4990 1638 5045 umatum
1652 4988 1770 5061 vmopts

139 5083 172 5136 de
193 5096 247 5152 qun
262 5081 391 5136 Dominus
404 5082 541 5151 loquitur:
557 5081 691 5154 Baptistae
709 5086 789 5141 humo
803 5087 931 5158 ioptizori
981 5087 1037 5130 ¹¹¹⁰
1052 5079 1202 5133 emittant
1217 5089 1355 5150 aggravat.
1378 5079 1560 5148 Cotrrparntnr
1580 5081 1657 5135 diviti
1680 5094 1768 5142 tm.

140 5169 434 5243 ptpc,311)‚0tattbi
460 5173 649 5244 :wetmare
678 5192 734 5230 „120
762 5176 930 5246 caprimum
982 5170 1027 5235 qni
1043 5178 1142 5236 quarite
1161 5171 1351 5242 esteopinsinr
1373 5171 1486 5234 diuitiis,
1503 5172 1603 5244 quitum
1626 5186 1681 5225 non
1705 5168 1771 5227 hem

140 5262 190 5332 (Ex
201 5260 293 5336 iulg.)
304 5261 355 5330 Qut
369 5261 514 5318 salulrriter
526 5266 610 5320 credit
629 5266 657 5321 in
673 5265 762 5335 Patre,
777 5273 929 5327 necessario
982 5260 1076 5319 utinm.
1091 5268 1168 5314 ‘³¹¹10
1180 5261 1320 5314 ardentius
1330 5261 1394 5314 ‘³¹5³
1409 5265 1584 5331 c0¹t⁰¹¹l²l¹itl¹=

139 5355 223 5413 stertit
235 5364 263 5411 ct
279 5353 348 5411 Filio
362 5361 388 5409 et
400 5352 511 5424 Spiritui
524 5365 628 5421 saneto,
642 5357 783 5413 ncnnlicui
795 5361 821 5414 in
836 5372 929 5417 sarrcta
1017 5357 1052 5411 Et
1067 5360 1313 5429 respondentium
1334 5363 1447 5418 diritati
1464 5364 1626 5435 lepisperitoa
1636 5376 1661 5419 et
1677 5362 1771 5418 Pieri-

140 5447 272 5504 't'rinimtc
293 5449 438 5521 separatim
471 5447 617 5503 credulitas
646 5451 805 5516 extricetur,
833 5455 928 5510 claritati
981 5450 1090 5511 munci
1103 5449 1161 5504 ticet
1174 5452 1281 5504 scitoto
1294 5454 1409 5506 curare?
1422 5464 1448 5508 at
1469 5454 1508 5507 illi
1528 5463 1677 5508 tautecurt.
1697 5450 1772 5521 nant

140 5540 212 5594 enim
227 5542 326 5596 dirimas
345 5558 398 5596 arna
420 5539 536 5593 sentius
549 5539 611 5607 jure
626 5541 746 5606 deltetnr,
762 5545 824 5612 rprtiu
839 5554 866 5599 et
882 5547 929 5601 lta-
982 5540 1080 5592 elicitur
1091 5542 1260 5609 respondisse
1274 5541 1361 5604 lesus.
1377 5544 1409 5597 ml
1423 5545 1474 5598 ltttc
1495 5543 1604 5614 respicit
1619 5544 1690 5612 uttotl
1704 5548 1772 5612 mr.

141 5630 275 5693 ptisrtrntis
296 5632 381 5704 pratia
402 5629 618 5702 inseparabiliter·
637 5646 689 5685 ttrto
712 5633 865 5688 triturantur
884 5648 930 5688 rto·
983 5636 1093 5689 missum
1107 5646 1158 5699 cst,
1174 5649 1200 5691 et
1213 5638 1262 5709 ipsi
1280 5639 1458 5699 ‹clusertalmnt
1472 5654 1544 5695 ettrrt.
1560 5639 1689 5698 ltorrtintts
1701 5636 1772 5697 ettittt
1795 5654 1805 5667 ·
