3810 6120
142 272 196 330 593
484 331 489 341 ,
569 271 742 329 sitiuntur
761 271 907 329 lautus
926 272 1078 329 utlbssttt
1098 275 1351 336 tton'lctloublt.
1721 288 1774 342 dot

142 389 301 454 ricordiam,
323 390 454 445 visionem
469 391 531 454 lici,
545 391 716 462 adoptionem
735 389 852 446 liliorum
868 390 929 456 Ilei,
946 391 1085 453 Adoloris
1109 394 1239 460 dentium,
1263 396 1355 460 lictus,
1372 406 1425 452 etc.
1451 396 1601 471 indignatio
1623 403 1705 467 enirn,
1722 404 1773 470 ira,

141 458 296 515 neroedem
311 459 423 513 multam
438 460 465 514 in
478 459 565 515 coelis.
984 461 1131 518 alilictioet
1140 464 1400 520 anxietasadreisus
1409 483 1517 523 oameta
1529 469 1647 524 animam
1659 473 1777 528 bonrinis

177 527 206 585 3.
223 527 372 598 Paupertas
385 529 495 598 spiritus
508 531 585 585 radia
599 538 641 586 est
652 531 741 585 omnis
756 530 833 593 boni,
845 537 875 584 ot
886 544 933 584 sos
982 534 1165 603 perpetrantis
1178 534 1277 590 malum
1291 533 1376 606 (Rom.
1390 535 1432 607 n).

141 598 235 670 perbia
254 599 402 665 tuentis,et
412 621 495 674 prm
513 608 586 663 aare,
598 601 674 655 radit
685 600 774 656 omnis
784 599 857 662 mali,
870 600 933 655 bine
1761 630 1764 636 ·

141 666 212 722 mala
225 668 353 734 mamma,
373 678 401 724 ει
417 684 477 739 qum
489 621 547 724 iere
559 670 707 739 perniciem
725 669 775 726 toti
788 669 847 725 orbi
861 669 933 723 intu-
983 664 1156 723 nolueram
1174 667 1319 731 llarrrner,
1337 683 1395 725 car.
1415 683 1467 723 aar
1483 687 1491 720 ι
1506 668 1599 725 Sinite
1613 680 1651 727 eat
1668 687 1775 742 regnam

139 735 243 793 lemni.
1182 736 1305 791 coelorunt
1318 737 1406 791 decent
1421 737 1574 808 uirginibus.

348 807 386 862 ΙΝ
401 806 528 865 ΝᾸΤᾹῙᾸ
546 808 736 914 mmm&
1019 847 1044 900 l.
1066 844 1211 917 Virginitas
1240 853 1332 916 ropter
1345 846 1532 902 excellentiam
1547 863 1624 905 suattt
1637 859 1773 920 precepta

139 895 318 954 semmam·
334 897 482 964 lltrrnnt,
500 914 558 954 car.
577 916 627 955 xrn
644 919 651 955 ε
668 899 761 956 Semele
773 912 811 956 eat
825 917 932 973 regum
983 930 1036 970 nnn
1051 922 1102 981 esi,
1119 931 1162 970 res
1177 861 1373 998 sulsimisuquae
1386 917 1466 970 etiarn
1482 918 1552 986 apud
1569 925 1702 975 tetercsa
1717 919 1773 989 pri·

263 967 387 1023 ‘dmm
399 968 521 1023 “mam
533 969 685 1024 “imm
696 969 724 1023 ²⁸²¹
737 987 811 1040 ⁰91⁰·
983 987 1037 1041 scis
1051 985 1103 1041 illis
1114 985 1270 1055 sanctisque
1285 1001 1350 1039 vrrus
1364 985 1414 1039 coli
1430 1001 1483 1040 non
1498 989 1594 1055 potnit.
1609 987 1672 1043 llaec
1683 996 1772 1044 tamon

176 1055 202 1111 i.
222 1055 258 1113 Ut
271 1055 409 1126 parabolis
419 1057 452 1113 de
462 1073 547 1127 grano
558 1057 661 1128 sinapis
682 1065 709 1112 ει
724 1056 857 1113 iermento
875 1073 932 1113 ma·
984 1065 1013 1110 ut
1026 1055 1149 1111 sublimis
1160 1055 1246 1110 virtus
1260 1070 1314 1110 non
1331 1054 1461 1118 sufficiet,
1482 1059 1534 1113 nisi
1547 1058 1617 1112 adsit
1630 1073 1698 1127 opus
1713 1059 1774 1115 ildai

139 1140 194 1198 gna
206 1124 344 1197 Evangelii
358 1126 446 1182 uirtus
457 1128 619 1192 ostenditur,
638 1142 698 1197 quae
711 1127 823 1182 omnino
845 1136 931 1183 toturn
982 1135 1011 1180 et
1022 1125 1098 1199 labor
1112 1125 1261 1181 charitatis.

139 1194 233 1252 orbern
249 1200 384 1251 terrarum
404 1203 463 1250 erat
482 1204 654 1266 superatura,
674 1195 711 1250 ita
730 1196 859 1266 parabola
875 1198 933 1251 tbe-
1018 1195 1044 1248 Ξ.
1063 1195 1182 1264 Quisque
1198 1211 1248 1264 pro
1264 1209 1294 1250 se
1308 1194 1413 1260 rideat,
1431 1211 1464 1250 ne
1478 1210 1611 1263 erremus,
1630 1196 1700 1251 Deru
1721 1215 1773 1252 arara

139 1264 213 1320 stari
228 1270 256 1320 et
268 1265 422 1336 margaritae
435 1266 553 1321 ostendit
565 1266 741 1338 Euangelium
755 1266 853 1320 summi
868 1280 930 1337 pre-
983 1264 1118 1327 irridetur,
1133 1262 1222 1318 nullus
1242 1280 1292 1320 nos
1307 1265 1450 1320 defendere
1463 1268 1564 1336 poterit
1577 1268 1600 1322 si
1616 1267 1704 1323 oleum
1720 1282 1772 1321 non

139 1333 170 1390 tii
190 1348 261 1399 esse,
275 1342 304 1390 et
315 1334 412 1391 debere
427 1336 508 1391 rebus
520 1337 646 1391 ontniluu
658 1335 797 1405 anteponi.
983 1334 1156 1390 babuerimus
1169 1335 1196 1387 in
1211 1334 1388 1404 lampadibus.

173 1401 202 1459 Ξ.
222 1403 381 1459 Praedicatio
401 1404 538 1476 Evangelii
560 1405 588 1459 in
609 1406 709 1460 mundo
729 1404 821 1459 abdita
841 1413 883 1459 est
903 1412 932 1460 et
1017 1404 1044 1458 5.
1064 1403 1166 1461 Crebro
1180 1405 1279 1473 repetit
1296 1403 1421 1460 Christus
1439 1406 1564 1475 Vigilate,
1581 1408 1645 1477 quia
1662 1406 1774 1463 nescitis

139 1472 316 1539 calametis
329 1474 519 1543 praedicatione
533 1489 638 1529 summa
649 1472 764 1530 felicitas
780 1473 930 1541 recondita,
983 1473 1052 1528 diem
1066 1487 1153 1543 neque
1167 1474 1270 1538 borant,
1283 1475 1429 1530 ostendens
1444 1476 1623 1544 ignorantiam
1636 1478 1724 1531 exitus
1739 1477 1773 1533 ab

139 1557 192 1598 aee
214 1543 351 1598 invenitur
366 1543 418 1598 nisi
439 1543 547 1598 curiose
568 1557 688 1613 quaeras,
705 1544 931 1612 quemadmodum
983 1542 1035 1597 bac
1048 1543 1103 1596 vita
1120 1541 1212 1596 utilem
1229 1556 1301 1606 esse,
1315 1543 1321 1595 i
1342 1543 1397 1596 itur
1409 1557 1469 1597 cum
1484 1543 1529 1598 illo
1542 1544 1655 1600 Paulino
1667 1545 1773 1617 epilogo

139 1611 285 1668 thesaurus
297 1613 324 1667 in
337 1627 402 1684 agro
415 1613 589 1669 absconditus
603 1613 687 1682 quaeri
703 1612 781 1666 solet.
981 1611 1050 1667 libet
1060 1610 1178 1680 receptui
1191 1625 1290 1666 canere
1302 1625 1309 1665 :
1322 1557 1448 1681 ligitare,
1459 1619 1532 1668 state
1543 1614 1571 1668 in
1584 1614 1647 1679 lide,
1660 1614 1774 1668 viriliter

174 1682 201 1738 5.
220 1680 377 1737 Pambotam
395 1683 428 1738 de
446 1698 546 1754 sagena
561 1683 644 1737 missa
665 1683 692 1736 in
711 1697 787 1736 mare
805 1681 930 1739 Cbristus
983 1682 1073 1752 agite,
1096 1688 1183 1735 estote
1206 1679 1305 1744 sortes,
1333 1682 1425 1738 onmia
1450 1682 1528 1737 nobis
1551 1699 1614 1739 cum
1639 1683 1773 1739 charitate

139 1748 197 1821 ipse
208 1751 413 1822 interpretatur,
424 1752 571 1808 ostendens
582 1752 679 1806 multas
689 1752 849 1821 perditionis
858 1753 929 1818 vias,
944 1738 968 1797 Β
982 1751 1063 1817 liant,
1082 1751 1140 1805 baec
1158 1759 1200 1806 est
1218 1751 1272 1806 rita
1287 1751 1451 1807 Christiana.
1471 1751 1505 1806 Et
1524 1753 1564 1809 sic
1582 1753 1627 1822 qni
1643 1753 1770 1815 vixerint.

138 1820 213 1875 untle
229 1835 284 1875 non
304 1820 402 1889 injuria
421 1822 522 1877 dictum
543 1829 585 1876 est
604 1820 667 1876 alibi
681 1819 765 1875 latam
779 1836 840 1876 esse
857 1821 930 1875 riam
981 1836 1043 1875 cnm
1064 1821 1220 1889 apparuerit
1239 1820 1379 1886 Claristua,
1403 1821 1541 1876 habebunt
1559 1822 1699 1887 llduciam,
1722 1837 1773 1876 nec

139 1887 215 1943 illam
232 1904 292 1960 quae
309 1891 336 1944 ia
349 1892 527 1960 perditionem
545 1891 669 1954 adducit,
684 1901 749 1954 eto,
764 1899 795 1944 ut
809 1891 929 1945 lurntidi·
980 1890 1118 1960 pudelient
1134 1889 1223 1955 abeo,
1238 1890 1264 1943 in
1278 1890 1393 1944 adventu
1407 1890 1475 1960 ejus,
1489 1890 1536 1946 sed
1551 1891 1691 1946 intrabunt·
1707 1902 1770 1945 oum

139 1970 203 2014 nent
212 1959 358 2031 amplificet
368 1968 396 2017 et
408 1961 531 2019 incutiat
546 1959 614 2015 ilinc
626 1970 654 2015 et
664 1959 783 2016 fornacis
794 1960 928 2026 meminit,
980 1974 1079 2027 sponso
1091 1958 1201 2013 Christo
1213 1958 1248 2013 ad
1262 1960 1380 2028 nuptias.
1759 1984 1763 1993 ·

404 2241 990 2429 sutanum·
1045 2240 1511 2430 annuns

230 2603 730 2744 urrunnun
832 2598 1655 2792 uounouonuur.

708 2883 753 2944 [lta
767 2882 882 2934 biblioth.
896 2881 961 2933 Patr.
971 2889 1036 2933 mat.
1046 2887 1106 2933 tum.
1120 2879 1195 2945 liti]

277 3093 459 3153 PROLOGUS
477 3093 511 3150 ll.
530 3091 562 3149 P.
583 3090 769 3148 sitantum.
937 3089 969 3147 C.
1228 3088 1343 3146 otrus
1362 3088 1508 3146 Piilllllll.

171 3185 249 3247 uuae
265 3187 400 3244 miricam
421 3184 517 3256 Operis
530 3184 616 3241 nostri
632 3182 752 3239 libellum
770 3182 804 3237 de
826 3179 925 3238 multo·
1276 3181 1316 3236 lie
1339 3181 1482 3237 oratione..
1756 3242 1763 3267 1

135 3295 197 3340 m
209 3279 289 3338 dictis
308 3280 530 3344 orthodoxorum,
550 3278 699 3349 opitulante
711 3276 831 3340 Christo,
844 3273 927 3330 culle-
1014 3270 1071 3327 lloe
1088 3278 1130 3327 est
1145 3270 1295 3327 remedium
1310 3271 1409 3326 animae
1420 3271 1489 3343 eius,
1504 3271 1552 3343 qui
1566 3271 1692 3328 vitiorum
1708 3280 1767 3330 ten.-

134 3369 226 3444 gtnus
238 3368 361 3436 latrum,
373 3379 402 3424 et
413 3382 462 3439 per
481 3383 574 3423 eorum
598 3367 780 3422 discurrentes
802 3362 926 3419 durentia
976 3363 1104 3418 tementis
1117 3369 1258 3430 exaestuat,
1279 3375 1310 3418 ut
1324 3364 1432 3434 quoties
1452 3362 1575 3435 quolibet
1594 3364 1660 3421 titio
1681 3366 1768 3437 tangi·

134 3469 225 3533 prata,
238 3459 306 3516 bene
323 3459 428 3515 olentes
451 3456 543 3531 (veluti
563 3457 597 3512 ad
621 3455 740 3527 manum)
766 3453 926 3525 collegimus
976 3462 1031 3519 tur,
1050 3455 1129 3509 toties
1150 3452 1184 3509 ad
1200 3455 1351 3510 orationem
1375 3471 1405 3510 se
1426 3454 1533 3520 subdat,
1551 3455 1615 3525 quia
1640 3454 1768 3525 frequens

134 3550 278 3608 flosculos:
296 3558 376 3621 atque
396 3550 430 3607 de
444 3550 550 3605 illorum
570 3548 707 3619 llorigero,
732 3547 927 3603 benedictioni·
976 3545 1064 3600 oratio
1097 3544 1225 3600 uitiorum
1254 3545 1485 3618 impugnationem
1510 3546 1669 3617 exstinguit.
1699 3545 1765 3603 Tam

88 3677 92 3684 ·
133 3642 239 3713 busque
250 3641 357 3698 bomini
370 3641 459 3718 pleno,
478 3656 510 3696 ea
530 3639 600 3713 (quae
620 3637 926 3695 necessariamonacbis
976 3650 1183 3711 perseveranter
1209 3640 1351 3698 intendere
1374 3650 1480 3713 oportet
1499 3621 1619 3699 animum
1644 3636 1765 3703 nostrati

133 3747 196 3790 este
208 3731 405 3804 perspeximus)
425 3732 582 3803 collegimus
598 3747 673 3802 agro,
688 3738 716 3785 et
736 3731 763 3784 in
777 3731 828 3785 boc
843 3743 927 3799 paruo
975 3730 1089 3796 orando,
1107 3739 1189 3802 atque
1202 3730 1347 3800 pulsando,
1369 3747 1510 3803 quousque
1533 3732 1701 3803 importunas
1721 3723 1767 3789 de'.

132 3821 288 3878 studuimus
301 3835 466 3892 congregare
478 3820 578 3875 libello.
595 3819 634 3874 Ea
644 3819 780 3885 videlicet,
794 3835 854 3890 quae
864 3834 927 3890 per·
976 3822 1137 3877 sideriorum
1168 3823 1318 3878 carnalium
1345 3825 1549 3897 suggestiones,
1578 3840 1640 3896 quae
1665 3824 1767 3882 nostrii

133 3910 267 3968 hetorum
279 3912 472 3966 monachorum
487 3910 569 3967 corda
588 3909 773 3976 demulceant,
788 3920 816 3965 et
831 3910 865 3964 ad
880 3910 926 3964 de·
975 3913 1134 3984 obstrepunt
1156 3915 1291 3980 sensibus,
1309 3914 1456 3972 fortissima
1481 3915 1632 3974 intentione
1653 3930 1764 3987 supere·

132 4001 267 4058 siderium
286 4003 382 4072 patria
402 4002 522 4058 ccelesiis
537 4002 641 4056 avidius
656 4002 850 4072 sublimiusque
874 4003 926 4058 eri-
975 4018 1036 4058 mus
1049 4021 1055 4057 :
1067 4018 1098 4057 ac
1112 4003 1204 4058 tandiu
1218 4003 1355 4072 insistere,
1368 4020 1508 4079 quousque
1525 4006 1696 4077 persistendo
1705 3999 1765 4061 vln'·

132 4099 218 4164 gant:
242 4093 410 4148 intirmorum
432 4108 539 4163 quoque
552 4095 748 4149 monachorum
762 4097 845 4149 eorda
861 4109 926 4149 con·
975 4111 1079 4151 carnus.
1102 4093 1169 4150 Nam
1185 4095 1352 4168 negligentes
1373 4097 1511 4151 orationes
1523 4111 1575 4151 nec
1589 4095 1623 4150 ab
1638 4096 1696 4166 ipso
1715 4088 1765 4152 hoss

131 4182 245 4240 &ment
268 4190 296 4240 et
321 4191 455 4251 terreant,
481 4186 515 4241 ad
547 4185 753 4259 regularemque
778 4186 926 4257 perlueant
974 4186 1049 4242 mine
1063 4185 1209 4255 impetrare
1226 4186 1318 4244 valent
1337 4185 1410 4261 quod
1431 4185 1535 4241 volunt.
1561 4185 1675 4254 Quando
1702 4188 1764 4257 quis

131 4275 361 4332 emendationem.
387 4276 422 4331 Et
442 4278 506 4346 quia
527 4277 554 4331 in
578 4276 670 4348 regula
691 4277 763 4332 beati
787 4277 925 4332 Benedicti
974 4285 1049 4342 orat,
1057 4285 1181 4331 sanctum
1193 4275 1226 4331 ad
1241 4291 1271 4332 se
1289 4277 1415 4347 spiritum
1429 4275 1564 4333 aduocat:
1580 4285 1608 4332 at
1621 4277 1667 4342 ubi
1681 4293 1761 4333 vene-

132 4365 330 4436 scriptumest,
346 4367 408 4422 llos
427 4379 457 4422 ut
481 4370 653 4424 surrexerint
675 4368 774 4423 iratres
795 4384 811 4423 a
835 4384 922 4437 curra,
975 4365 1026 4429 rit,
1049 4363 1192 4420 confestim
1216 4373 1383 4421 tentamenta
1408 4366 1615 4433 daemoniorum,
1649 4384 1709 4438 quae
1734 4384 1763 4427 se

134 4457 252 4512 redeant
273 4472 369 4514 omnes
384 4459 412 4514 in
426 4475 521 4526 unum,
541 4469 568 4515 et
591 4459 663 4531 legat
685 4474 756 4514 unus
769 4459 926 4516 collationes
937 4466 965 4527 1)
978 4455 1113 4511 tuentibus
1141 4454 1268 4512 humanis
1303 4456 1484 4528 immergunt,
1507 4459 1679 4529 praesentiam
1703 4458 1763 4530 ejus

131 4545 176 4601 rel
186 4547 257 4602 ritas
267 4546 389 4613 Patrem,
405 4555 452 4603 ant
466 4556 541 4604 certe
555 4549 657 4618 aliquid
667 4550 738 4620 quod
748 4550 863 4606 adlucet
878 4567 926 4605 au·
975 4544 1048 4599 ferre
1062 4559 1114 4599 non
1136 4545 1312 4610 sustinentes,
1328 4545 1469 4618 elitrginnt.
1493 4546 1587 4603 Oratio
1602 4548 1692 4604 cordis
1707 4556 1759 4613 est,

132 4634 259 4691 dientes:
275 4636 336 4692 ideo
346 4653 396 4693 nos
415 4637 487 4693 etde
504 4638 694 4695 collationibus
709 4640 830 4705 Patrum,
848 4640 924 4696 etde
975 4651 1029 4692 non
1044 4635 1187 4692 labiorum.
1211 4635 1306 4708 Neque
1324 4637 1397 4692 enim
1410 4639 1492 4693 verba
1508 4638 1678 4708 deprecantis
1691 4638 1763 4696 lleus

131 4726 385 4783 conversationibus
397 4735 425 4782 et
441 4727 656 4784 institutionibus
669 4744 763 4785 eorum
776 4729 923 4797 modicum,
975 4725 1090 4782 intendit
1104 4744 1111 4780 ε
1128 4723 1176 4781 sed
1185 4726 1290 4781 orantis
1310 4741 1358 4782 cor
1370 4727 1476 4797 aspicit.
1491 4725 1568 4794 Quod
1582 4728 1606 4783 si
1620 4743 1667 4784 oor
1681 4730 1762 4800 tacite

130 4820 161 4871 et
176 4815 211 4872 de
222 4814 339 4872 dirersis
352 4817 514 4873 Ductoribus
527 4818 555 4872 in
567 4818 620 4874 hoc
635 4818 725 4874 libello
738 4820 924 4892 congessimus
974 4826 1044 4883 oret,
1058 4825 1086 4873 et
1099 4833 1151 4872 rot
1174 4817 1264 4883 sileat,
1287 4818 1410 4888 quamtis
1426 4818 1550 4874 homines
1564 4819 1656 4884 lateat,
1676 4816 1760 4875 Βευιιι

130 4905 291 4977 plurimum,
310 4916 337 4964 et
356 4909 471 4965 siceum
492 4910 639 4965 incentum
655 4911 781 4981 capitulis
797 4927 923 4968 consum·
973 4906 1058 4964 latere
1081 4922 1136 4963 non
1163 4916 1261 4979 potest,
1292 4908 1338 4977 qui
1365 4907 1540 4967 conscientia
1563 4924 1683 4978 praesens
1706 4918 1758 4964 est.

130 4997 266 5055 marlotus
279 5006 376 5055 totum
397 5000 432 5055 Et
453 5001 516 5071 quia
537 5016 596 5057 mos
610 5009 653 5056 est
672 5003 877 5067 monacbomm,
892 5011 923 5058 ut
973 4998 1068 5057 llelius
1092 5010 1134 5057 cst
1156 5009 1247 5056 autent
1272 5015 1334 5056 cunt
1360 4998 1467 5055 silentio
1490 4990 1570 5057 orare
1592 5001 1675 5057 cordo
1700 5001 1760 5056 sine

130 5090 256 5164 rcgtrlam
263 5090 336 5148 beati
343 5091 481 5149 Benedicti
498 5094 532 5149 ad
543 5093 689 5163 capitulum
699 5093 790 5165 legant
800 5094 921 5165 quotidie
971 5106 1038 5145 sono
1050 5091 1134 5153 vocis,
1155 5106 1236 5162 quam
1259 5091 1323 5146 solis
1336 5089 1426 5147 uerbis
1443 5091 1503 5149 sine
1524 5091 1628 5148 intentu
1648 5092 1758 5148 mentis.

130 5181 313 5238 matutinum:
329 5182 452 5240 volumus
470 5191 500 5238 ut
516 5183 567 5239 iste
577 5183 683 5239 libellus
696 5184 730 5239 ad
741 5199 836 5240 eurum
851 5184 922 5255 capi·
973 5183 1059 5240 l'oces
1085 5184 1155 5256 apud
1180 5183 1376 5238 secretissimas
1399 5199 1479 5240 aures
1506 5182 1556 5240 Dei
1580 5201 1633 5241 non
1656 5183 1759 5257 iaciunt

131 5270 219 5327 talum
235 5273 356 5343 qnotidie
368 5273 473 5345 legatur
493 5275 687 5344 uespertinum.
703 5273 737 5329 tn
753 5274 816 5344 qula
831 5275 859 5329 in
876 5288 922 5330 ea·
971 5279 1052 5332 rerba
1068 5287 1170 5341 nostra,
1192 5276 1240 5332 sed
1257 5276 1401 5333 desideria.
1417 5276 1559 5334 AEternam
1579 5277 1660 5333 etiarn
1675 5276 1759 5354 og’taru

129 5364 192 5419 dem
206 5362 277 5419 beati
291 5364 429 5432 Benedicti
448 5365 562 5437 legimus
575 5365 678 5438 regola,
693 5373 724 5420 at
736 5366 866 5437 quidquid
880 5367 921 5421 in·
972 5367 995 5422 si
1009 5382 1057 5422 ore
1070 5367 1198 5437 petimus,
1213 5381 1262 5422 aec
1277 5376 1368 5423 tannen
1391 5369 1473 5424 corde
1487 5367 1682 5424 desideramus,
1702 5362 1759 5418 cla-

129 5457 466 5514 clroamusbonumalleo
479 5458 544 5512 illud
559 5457 651 5528 pcrirci
665 5457 862 5512 instantissima
875 5458 921 5512 de·
973 5464 1077 5512 mantes
1103 5464 1232 5511 tacemus.
1259 5456 1287 5511 Si
1309 5472 1372 5513 tero
1399 5457 1584 5513 desideramus
1604 5469 1642 5510 ex
1665 5453 1757 5516 corde,

130 5564 273 5621 poseamus
286 5551 425 5616 oratioue3
445 5558 587 5622 propterea
602 5550 627 5604 in
647 5549 697 5604 boe
713 5549 802 5606 libello
813 5551 846 5606 dc
861 5565 922 5606 ura·
971 5549 1054 5604 ctiam
1081 5565 1142 5603 cmn
1158 5564 1205 5604 oro
1227 5548 1446 5608 conticescimus,
1468 5554 1587 5601 tacentes
1598 5543 1755 5598 clarnamus.

131 5642 213 5700 t'touis
228 5641 314 5700 udicio
333 5644 479 5717 capitulum
497 5643 621 5714 ponimus
634 5642 758 5715 primum.
974 5640 1074 5715 (breg,
1091 5639 1188 5695 licini.
1204 5641 1222 5694 l.
1240 5655 1306 5706 narr,
1320 5657 1342 5694 c.
1360 5638 1414 5710 te.)
1427 5637 1494 5691 llittc
1509 5643 1549 5690 cst
1567 5635 1638 5713 tptcnl
1655 5635 1680 5690 in
1702 5651 1757 5690 ere
