3810 6120
131 343 201 403 gpg5
525 360 527 365 ·
850 329 1040 391 beusteten.
1077 354 1081 363 ¹
1685 330 1756 390 {⁰83

130 455 216 515 sionis
230 451 333 509 Christi
347 450 452 508 noiomi
474 450 561 505 uestri
581 448 634 504 rite
655 445 822 503 temnanm
845 442 913 497 lietu
926 445 953 505 Α
964 443 1064 513 patuli.
1085 440 1136 499 ttie
1148 457 1228 499 aecer
1247 443 1362 500 antistes
1378 442 1416 499 oh
1437 443 1552 501 nbniutn
1570 443 1662 500 cordis
1680 456 1756 500 amo·

131 523 176 580 uhi
195 538 275 594 snpra
296 523 331 577 ob
348 535 468 575 amorem
486 517 613 590 ejusdem
631 510 746 589 virginis
762 512 915 567 construxit
969 526 1028 569 rem
1056 511 1121 569 iecit
1146 512 1174 568 in
1198 513 1313 570 ecelesia
1339 514 1428 570 beatae
1454 513 1568 571 Caeciliae
1594 523 1697 571 vestem
1722 514 1756 572 dc

130 593 213 657 aliam
232 599 336 647 vestem
356 591 390 646 de
409 588 597 660 chrysoclavo,
617 586 760 641 habentem
774 581 917 637 historiam
968 582 1156 654 chrysoclavo,
1174 582 1318 639 habentem
1341 584 1483 641 historiam
1498 583 1646 641 bominteae
1660 599 1754 641 resur-

130 663 247 735 gasaliter
263 661 380 733 Spiritus
398 669 511 716 sanctita
529 659 604 713 venit
619 668 702 725 super
716 651 861 722 apostolos,
877 651 918 706 di-
968 653 1097 709 rectionis
1120 651 1227 708 llominl
1246 653 1331 709 nostri
1351 651 1414 708 lesu
1435 652 1536 710 Christi
1550 653 1663 709 mirillce
1682 653 1758 724 depi-

130 733 218 789 vcrsis
230 741 355 788 curatam
368 730 521 801 margaritis
533 721 560 783 e't
573 727 736 783 wentam.
752 721 809 777 ltro
817 721 917 777 ibidem
968 731 1041 779 ctam
1053 731 1133 792 atque
1146 732 1313 779 exornatam.
1671 734 1673 739 ⁴

130 802 214 858 aliam
237 802 352 856 munivit
370 808 472 857 vestem
491 798 525 855 dc
538 795 713 867 chrysoclavo
726 808 788 849 cnm
804 792 918 848 historia
1004 791 1064 864 lpse
1077 808 1143 848 vero
1158 809 1174 848 a
1187 793 1243 849 ileo
1267 803 1406 865 protectus
1424 793 1590 852 venerahilis
1605 802 1632 848 et
1644 791 1756 877 praecla-

118 876 121 881 ’
129 872 283 944 palmarum
294 870 415 925 modeste
426 877 560 937 comptam
574 874 655 935 attyne
665 863 832 920 decoratam.
968 861 1158 987 rnsrpontiiex
1176 863 1241 919 iecit
1254 865 1471 935 propitiatorium
1487 863 1558 921 sacri
1574 863 1669 945 aitaris
1685 862 1757 919 beati

166 940 222 996 Nec
236 940 388 995 nonetnbi
402 952 484 1008 supra
498 936 579 992 aliam
593 935 710 1003 compsit
723 929 920 1002 jan-aomina-
968 928 1018 987 rer
1057 932 1240 1003 apostolorum
1258 935 1397 1005 principis,
1414 936 1458 991 nhi
1479 934 1680 992 sanctissimum
1694 948 1757 987 cor-

130 1020 177 1067 tus
198 1009 320 1081 pontifex
341 1017 445 1065 vestem
468 1007 501 1063 tle
522 1006 634 1063 olorero
654 1019 716 1060 cnm
738 1000 864 1084 periclysl
885 999 919 1054 de
960 1000 1090 1072 prescius
1103 1003 1229 1072 quiescit,
1254 1007 1447 1073 spanocllstnm
1462 1022 1494 1061 er
1510 1018 1578 1059 auro
1600 1002 1674 1058 iulro
1695 1015 1757 1057 cttna

130 1079 252 1139 fundato.
279 1078 385 1133 Pariter
405 1092 512 1149 qnoqtte
530 1085 557 1133 ct
580 1090 630 1145 pro
646 1071 919 1144 qoondraniaoiebna
969 1072 1084 1129 diversis
1105 1074 1226 1129 historiis
1247 1073 1280 1128 de
1300 1074 1384 1132 ictum
1407 1083 1488 1145 attytte
1512 1073 1629 1129 miriioc
1642 1073 1757 1128 decora·

130 1148 227 1206 obtulit
239 1156 327 1203 vestes
338 1149 371 1203 de
382 1147 493 1202 tundalo
505 1146 572 1201 dnas
586 1160 648 1200 eum
662 1142 788 1215 periclysi
804 1140 838 1196 dc
852 1155 918 1210 qua·
968 1150 1037 1205 tum.
1046 1159 1164 1215 pensans
1174 1143 1258 1200 libras
1273 1090 1413 1202 rfnoenns.
1433 1146 1500 1201 lteru
1515 1145 1541 1199 in
1555 1144 1610 1199 ‘am
1624 1144 1698 1224 dicta
1710 1156 1757 1222 cc·⁸

130 1218 246 1289 drapnlo
283 1218 446 1274 ulcherrime
460 1225 616 1272 exornatas.
633 1211 787 1269 llicdivina
801 1210 920 1280 inspira·
968 1211 1051 1268 cleia
1065 1213 1234 1270 ohamoretn
1253 1214 1374 1270 e‘nsdcm
1393 1214 1441 1271 ilci
1456 1212 1569 1286 apostol
1585 1213 1700 1295 lautores
1717 1226 1758 1267 snt

81 1308 83 1312 ³
131 1290 207 1344 tione
226 1233 348 1360 poissins
375 1287 439 1343 iecit
461 1286 520 1357 ipse
541 1284 728 1341 machssimus
749 1283 847 1353 praesnl
870 1294 920 1349 per
967 1282 1067 1338 obtudit
1084 1283 1332 1355 velachrysocava
1354 1301 1404 1356 per
1423 1301 1503 1341 arcus
1516 1284 1692 1356 presbytero,
1706 1282 1759 1363 ha·

129 1374 213 1414 arcus
226 1356 342 1428 majores
350 1355 410 1428 jam
425 1357 545 1427 pretate
557 1354 677 1411 basillw
689 1353 748 1408 tela
759 1353 793 1407 de
807 1349 919 1405 fundulo
968 1352 1060 1411 lrcntia
1071 1353 1212 1411 historiam
1228 1353 1374 1410 bominiute
1387 1357 1523 1438 passionis
1535 1370 1568 1410 ac
1581 1361 1759 1433 resurrectio·

131 1427 346 1497 tyuatuordcelm‚
364 1435 393 1481 el
404 1427 437 1482 de
460 1424 627 1496 qttttlttuulo
646 1419 862 1495 quatuordeeim,
883 1419 920 1474 il-
969 1424 1014 1480 nis
1027 1423 1133 1481 beurim
1152 1423 1240 1480 nostri
1252 1422 1316 1480 iesu
1329 1425 1430 1483 Christi
1448 1440 1562 1481 numero
1579 1423 1758 1495 qnadraginta

121 1498 273 1553 'militeret
290 1497 325 1552 de
346 1495 448 1551 imizilo
463 1495 676 1568 quatuordeeim.
704 1491 809 1546 bomini
833 1488 918 1543 nostri
969 1507 1027 1548 scr.
1058 1492 1165 1568 Pariter
1188 1501 1215 1548 ct
1239 1494 1266 1548 in
1295 1494 1409 1550 ecclesia
1440 1497 1581 1551 beatorum
1610 1501 1761 1562 martyrum

130 1566 196 1624 lesu
218 1567 320 1623 Christi
346 1566 463 1621 iamalus
488 1567 524 1620 ob
550 1578 671 1619 amorem
693 1562 782 1616 eidem
803 1559 920 1614 domino
968 1561 1111 1618 Cosmtcct
1125 1562 1249 1618 Damianl
1263 1564 1290 1618 in
1305 1564 1349 1619 via
1364 1562 1448 1619 Sacra
1464 1563 1639 1619 iecitvcstem
1653 1558 1761 1616 holose-

131 1645 231 1691 nostrae
253 1653 302 1707 per
322 1651 402 1691 arcus
428 1635 590 1706 presbyterii
612 1632 671 1703 jam
690 1633 770 1687 dictae
795 1628 919 1687 ecclcsiae
970 1632 1055 1688 risam
1070 1633 1252 1702 pulcherrime
1265 1645 1401 1704 comptam
1424 1642 1505 1703 atque
1520 1634 1688 1714 decoratatn.
1708 1628 1760 1683 lle·

131 1705 197 1761 iecit
211 1706 268 1760 vela
290 1707 324 1762 de
344 1704 529 1776 chrysostom,
552 1703 679 1761 habentia
700 1699 842 1756 historiam
866 1697 914 1752 [lu
970 1702 1148 1774 nignlssimus
1164 1702 1265 1758 etenim
1279 1704 1377 1773 praesul
1400 1704 1464 1760 lecit
1487 1705 1514 1760 in
1536 1701 1650 1758 basilica
1674 1701 1762 1757 beata

133 1775 200 1830 mini
222 1776 308 1831 nostri
322 1774 386 1830 lesu
398 1773 510 1839 Christi,
531 1781 614 1843 atque
630 1770 800 1826 trativibrtem
815 1783 862 1822 seu
877 1783 921 1822 as-
935 1793 959 1855 B
974 1773 1020 1826 ilci
1035 1772 1173 1844 genitricis
1183 1772 1296 1842 virginis
1311 1787 1418 1845 vctrrper
1431 1773 1652 1829 barlabentus
1664 1778 1763 1825 nostrae

131 1846 312 1914 munionem
331 1844 452 1914 ejusdcm
472 1843 642 1900 intemerata
666 1840 780 1910 virginis
807 1851 922 1919 nurnero
973 1843 1008 1896 ad
1025 1856 1145 1912 praesepe
1164 1842 1277 1914 gabatas
1294 1859 1327 1897 ex
1342 1843 1538 1926 anrodiversis
1551 1841 1665 1923 gemmis
1680 1854 1761 1962 urna-

131 1906 923 2056 trima‘iterritttritrttttitttittbll
972 1908 1764 2061 billsttbtttttittmbitstibii*it.

132 2066 247 2109 ucmcro
266 2055 361 2127 uiginti
382 2061 508 2125 quatuor.
535 2052 637 2108 Christi
660 2063 778 2118 namque
800 2046 924 2116 omnipo·
973 2059 1080 2109 santam
1103 2050 1187 2107 libras
1207 2052 1337 2124 utrinque
1360 2053 1426 2109 item
1443 2053 1490 2108 ubi
1504 2067 1586 2123 supra
1601 2049 1666 2104 lectt
1678 2063 1763 2130 prava

132 2124 218 2179 tentis
241 2123 360 2183 taurulus
382 2123 479 2178 obtulit
503 2137 613 2177 sursum
636 2121 663 2176 ln
686 2126 797 2188 aspectu
816 2117 923 2173 ‘absidae
974 2122 1104 2176 canthara
1119 2136 1152 2175 ert
1164 2130 1277 2190 argento
1289 2139 1402 2179 numero
1414 2132 1487 2187 octo,
1499 2118 1641 2192 pertunda
1654 2113 1764 2173 insimul

126 2208 254 2265 <nauem
268 2194 482 2250 Alexandrinum
495 2192 611 2247 mirilloe
623 2191 791 2246 decoratum.
973 2191 1057 2247 libras
1068 2191 1223 2262 octuaginta
1236 2192 1312 2247 duas.
1326 2192 1366 2248 ub
1381 2208 1501 2248 amorem
1536 2203 1624 2259 rtoqtre
1639 2187 1761 2258 eiusdem
1868 2238 1871 2243 .

96 2283 101 2293 ·
168 2261 272 2333 Obtulit
291 2265 372 2319 etiam
389 2264 416 2318 in
431 2263 536 2319 trabem
556 2259 686 2329 maiorem
706 2258 791 2328 ipsius
804 2256 924 2313 basilicae
973 2261 1091 2318 domina·
1107 2268 1207 2316 raostrar
1219 2261 1357 2319 obtulitln
1369 2262 1427 2330 iam
1441 2207 1764 2343 dietuffiosilice'eolnm-

133 2331 221 2386 velum
237 2333 369 2402 majusde
383 2331 505 2395 hloduio,
520 2332 623 2387 habens
645 2331 737 2386 trabes
759 2328 793 2385 de
811 2328 924 2398 chryse·
974 2347 1025 2387 uas
1043 2340 1169 2402 quatuor,
1191 2339 1221 2386 et
1238 2347 1331 2388 arcum
1351 2349 1434 2388 nuum
1449 2332 1591 2402 pensantia
1606 2327 1715 2409 maranti
1733 2325 1765 2383 lt-

131 2400 209 2457 elaro
234 2412 346 2474 septem,
372 2412 401 2459 et
424 2403 570 2472 periclysin
596 2401 630 2457 de
654 2399 751 2454 blattin
775 2396 922 2468 Byzantea.
978 2401 1044 2457 bras
1067 2402 1218 2473 sexaginta.
1243 2400 1319 2474 Saepe
1343 2404 1497 2460 nominatus
1519 2401 1619 2458 etenim
1642 2397 1764 2471 ponttlcx

133 2470 210 2527 h'ceit
221 2474 304 2527 etiam
316 2475 350 2527 atl
361 2481 487 2528 ornatum
504 2473 588 2542 ipsius
600 2470 719 2533 busilicae
732 2469 760 2523 in
772 2467 858 2537 ipsam
871 2473 925 2521 tra-
974 2470 1072 2526 iecitin
1080 2470 1226 2527 venerabili
1236 2472 1313 2527 altari
1322 2472 1408 2542 ipsius
1417 2473 1540 2529 ecelesiae
1552 2479 1655 2526 vestem
1665 2468 1763 2549 albati).

133 2541 196 2599 iem
208 2542 273 2609 ,vela
293 2543 327 2599 de
343 2542 512 2613 qtratlrapnlo
532 2555 646 2596 numero
662 2555 720 2607 sca,
737 2546 765 2593 el
777 2539 810 2592 dc
824 2536 925 2591 imirilo
976 2541 1121 2597 hbbntcm
1134 2542 1163 2595 in
1174 2543 1264 2597 untedio
1278 2558 1386 2599 crucem
1405 2543 1440 2598 dc
1458 2542 1636 2614 chrysoclavo
1650 2538 1766 2593 diverses

134 2609 194 2668 vela
217 2627 332 2669 unmero
353 2620 479 2681 quattuor.
502 2613 561 2680 lpse
585 2625 693 2682 tyuogne
752 2606 835 2664 ntiiex
861 2607 926 2662 iecit
975 2611 1090 2683 gemmis
1109 2611 1313 2678 circunrsntam,
1334 2623 1363 2669 et
1376 2612 1577 2685 pulchritudine
1594 2615 1766 2689 crematam,

131 2679 208 2752 jttrta
223 2683 385 2737 vestibulum
399 2683 492 2737 altaris
509 2683 535 2736 iu
551 2680 674 2737 absitlam
688 2625 793 2734 rodida
807 2675 924 2745 uoatra-
975 2680 1056 2735 aliam
1077 2696 1184 2752 quoque
1205 2681 1304 2738 ibidem
1327 2690 1474 2740 antrectcns
1496 2692 1601 2738 vestem
1619 2681 1652 2733 de
1670 2678 1765 2733 blattea

134 2750 198 2821 pulo
216 2768 330 2807 numero
347 2752 500 2807 duodecim.
522 2750 625 2806 ibidem
639 2750 673 2805 de
687 2747 785 2803 blattin
800 2748 860 2803 rela
874 2761 925 2801 nu·
975 2748 1123 2833 llytantca,
1144 2751 1227 2806 simili
1248 2753 1327 2807 rtrodo
1348 2770 1409 2807 enm
1432 2767 1512 2807 cvttec
1534 2753 1566 2806 de
1588 2747 1765 2828 chrysoclavo
1788 2762 1794 2777 ⁸

66 2830 90 2868 ··
133 2835 209 2875 mero
222 2837 282 2876 sex.
306 2822 476 2876 Venerabilis
496 2835 604 2891 tyuoqtte
625 2818 724 2889 praesui
749 2817 816 2873 lecit
837 2818 863 2871 in
886 2817 926 2871 ln·
975 2820 1092 2877 dtvevsls
1115 2821 1248 2890 lapidibus
1276 2822 1466 2877 honestissime
1494 2822 1659 2877 timoratam.
1691 2818 1767 2871 lectt

153 2905 228 2948 resen
235 2892 292 2962 jam
303 2891 382 2947 dieue
392 2891 510 2947 basilice
526 2891 658 2945 cortinam
669 2888 800 2958 majorem
809 2887 926 2943 hieran·
949 2923 952 2929 -
976 2890 1105 2946 etiamad
1118 2900 1245 2947 ornatum
1259 2890 1378 2962 praelatae
1388 2893 1511 2947 ccclesiae
1524 2892 1582 2946 vela
1601 2889 1634 2944 de
1648 2889 1763 2957 thryse-

133 2905 241 3015 detrun
267 2977 331 3019 cnm
349 2961 467 3016 diversis
486 2961 607 3016 historiis
628 2968 735 3028 compte
757 2957 924 3013 decoramur.
977 2960 1053 3015 clavo
1069 2975 1117 3030 per
1129 2976 1209 3016 arctus
1229 2962 1388 3034 presbyterii
1408 2963 1536 3018 lubentia
1558 2959 1700 3038 instoriam¹
1716 2956 1766 3013 llo·

134 3028 223 3084 Simili
245 3032 335 3095 modo,
353 3039 381 3084 et
398 3046 447 3100 pro
464 3030 630 3101 quotidianis
655 3030 750 3086 diebus
773 3027 852 3082 aliam
877 3027 926 3081 ibi·
978 3030 1084 3085 trtiuietc
1103 3031 1247 3101 passionis,
1269 3040 1351 3105 atquc
1370 3032 1577 3089 resurrectionis
1596 3029 1700 3085 ilonrnn
1716 3040 1766 3082 ne-

133 3100 196 3153 dem
209 3100 307 3153 obtulit
321 3100 456 3156 cortinam
474 3099 686 3155 Alexandrinam
709 3098 825 3160 ntiriiiee
845 3112 924 3152 evoe
977 3100 1224 3156 mallesuclrristi.
1281 3128 1285 3136 -
1609 3157 1612 3163 ,

132 3177 238 3224 natam.
260 3169 472 3241 Rettignissimns
484 3177 512 3225 cl
522 3168 669 3239 praeclarus
682 3167 805 3239 portabit
825 3148 959 3222 sbtntitC
1010 3169 1065 3226 llec
1079 3186 1132 3225 nou
1152 3180 1182 3225 et
1202 3172 1229 3225 iu
1246 3173 1350 3227 trabem
1365 3174 1496 3243 clebrem
1509 3170 1608 3241 sapius
1623 3171 1704 3226 dieue
1722 3184 1769 3227 ec·

134 3236 165 3359 ¹in
181 3239 379 3319 praenominata
391 3239 649 3363 basilicalveladallsra
662 3237 854 3361 iguluser'icalig
866 3244 926 3361 ger}-
975 3239 1065 3360 cle'sitc
1088 3240 1186 3295 obtulit
1210 3241 1269 3296 vela
1282 3242 1342 3367 flia
1362 3259 1435 3366 eumt
1446 3241 1627 3367 periclysisdc
1649 3241 1769 3365 :atltrnllfiaae

135 3321 416 3447 titili'tttttt
440 3325 571 3435 titali,
587 3323 925 3458 latinitatem
974 3325 1286 3460 bitil'ibiiia
1304 3329 1416 3436 :titt
1434 3327 1768 3451 stimulantum

132 3446 276 3502 constituit
298 3448 424 3504 vrtiriliee.
437 3449 508 3504 item
526 3449 553 3503 in
575 3448 670 3503 absida
698 3446 783 3516 ipsius
805 3444 926 3499 bastltcoe
976 3448 1035 3503 vela
1055 3447 1208 3502 holoserica
1227 3449 1255 3503 ln
1275 3451 1390 3505 circuitu
1406 3450 1502 3505 altaris
1520 3450 1573 3504 'aar
1587 3449 1667 3506 dictae
1681 3449 1770 3505 eeclc'·

133 3516 225 3585 posuit
243 3518 303 3575 vela
323 3517 385 3573 alba
405 3533 467 3573 curu
488 3517 615 3588 periclysi
630 3517 664 3571 dc
677 3515 790 3569 fundato
812 3528 926 3571 numere
976 3518 1044 3583 siaa,
1074 3516 1202 3573 habentia
1226 3518 1373 3644 Rerielysin
1397 3520 1432 3576 de
1457 3466 1627 3591 tptadrapnlo
1655 3534 1770 3601 numeru

134 3598 194 3638 sex.
976 3597 1103 3659 qrtatnor.
1118 3586 1223 3645 tenera
1245 3587 1287 3644 ilis
1302 3605 1410 3661 tyrioque
1423 3590 1521 3663 praesul
1534 3589 1599 3646 iecit
1612 3592 1639 3646 ln
1651 3590 1768 3648 cce-lustu

170 3653 204 3708 lit
217 3652 281 3723 quia
295 3654 396 3710 ibidem
410 3661 454 3710 ter
470 3654 643 3711 beatissimus
655 3662 750 3725 pastor
763 3660 865 3708 tantam
879 3668 927 3708 ett—
976 3656 1063 3714 beatu
1075 3655 1124 3712 bel
1137 3658 1287 3728 genitricis,
1302 3677 1383 3730 tyriam
1402 3670 1501 3716 vorant
1524 3656 1702 3727 btrminieam,
1725 3677 1770 3715 ru·

134 3738 193 3778 rum
215 3732 373 3793 mumurque
389 3725 572 3795 vigilantiam,
589 3739 671 3794 quam
683 3739 747 3795 erga
761 3731 853 3778 states
864 3734 925 3778 sate·
976 3744 1027 3800 gas
1037 3742 1071 3783 ex
1084 3737 1198 3800 ungeunto
1210 3741 1356 3799 pensantes
1371 3731 1454 3787 libras
1466 3732 1607 3800 sexaginta
1622 3748 1679 3789 scs.

134 3793 479 3850 maruntlleiecclesiarnm
489 3795 646 3866 requenter
654 3793 836 3864 hrpeadebac
844 3794 926 3849 ctiam
1013 3797 1090 3853 Fecit
1113 3799 1197 3855 ctiam
1225 3800 1254 3855 in
1280 3801 1399 3867 eeclesia
1429 3803 1516 3857 teate
1547 3803 1594 3856 ilci
1627 3801 1768 3875 genitricis

135 3862 220 3918 altare
234 3865 423 3936 praesepilium
436 3865 516 3920 dicer
530 3864 660 3931 basilicae,
678 3879 729 3919 sen
744 3863 927 3920 venerabilem
978 3866 1073 3925 llaritc
1096 3867 1214 3924 dominre
1237 3880 1339 3927 nostrae
1363 3872 1416 3928 sita
1444 3871 1552 3927 Savitris
1575 3871 1602 3927 iu
1629 3873 1770 3942 episcopio

135 3928 345 3999 contessionem,
358 3934 431 3990 ultro
443 3933 568 4006 citroque
581 3949 614 3989 er
629 3950 697 3990 anro
707 3933 854 4004 purissimo
864 3948 927 3990 eum
977 3946 1081 3993 vestem
1105 3937 1140 3994 dc
1163 3938 1274 3995 inutlato
1299 3956 1362 3996 enm
1386 3941 1514 4013 periclysl
1539 3941 1572 3996 de
1599 3942 1697 3998 blattiu
1715 3942 1769 4017 lly-

135 4001 251 4057 diverais
270 4005 393 4062 historiis
410 4004 527 4061 miridce
541 4004 659 4076 compsit
678 4013 760 4075 atque
777 4004 925 4071 decoravit,
977 4016 1085 4064 ranna.

135 4085 257 4144 pensans
278 4072 362 4130 libras
384 4083 495 4132 eentum
513 4075 626 4145 triginta
647 4083 764 4146 quatnm
783 4083 813 4131 et
832 4074 928 4132 uncias
1014 4077 1064 4134 iiie
1085 4078 1201 4149 tetrique
1224 4079 1316 4136 divina
1334 4082 1477 4138 nmatione
1490 4081 1633 4139 alelunctus
1647 4090 1698 4138 est.
1716 4080 1768 4137 Se·

136 4150 264 4210 quattuor.
282 4142 413 4200 Similiter
425 4159 488 4201 exa
537 4153 584 4200 nto
597 4146 629 4201 de
644 4146 740 4200 aurato
760 4160 823 4202 cum
843 4145 928 4203 variis·
977 4147 1147 4220 pnltnsveto
1171 4150 1198 4204 in
1221 4150 1336 4207 ecclesia
1358 4152 1430 4208 beati
1455 4152 1527 4208 l‘etri
1550 4152 1673 4223 apostoli.
1696 4151 1773 4207 Fecit
1825 4192 1829 4199 ·

137 4210 261 4267 historiis
274 4212 374 4271 ibidem
391 4215 486 4271 uncias
521 4230 597 4271 ecem
614 4225 762 4289 pensantes
776 4215 861 4271 libras
876 4215 928 4271 du·
978 4227 1068 4274 attlcm
1090 4219 1276 4277 ordinationes
1299 4220 1613 4294 duas,‚nnanrt1nidcm
1669 4238 1773 4279 ruren-

135 4283 440 4356 rentastyuinguaginta
454 4287 720 4354 grtatuoretnncias
734 4294 862 4356 quatuor.
979 4302 1035 4346 sem
1059 4288 1227 4359 decembris,
1255 4299 1283 4345 et
1307 4290 1388 4346 aliam
1414 4308 1462 4364 per
1485 4309 1606 4350 mensem
1657 4293 1770 4349 artium.

170 4349 237 4406 ltem
259 4353 358 4408 ibidem
376 4354 474 4409 obtudit
491 4356 619 4424 prelatus
633 4354 753 4426 pontiiex
768 4355 929 4426 gabatascx
978 4359 1158 4431 crasmarus
1170 4398 1282 4415 ......
1307 4361 1438 4418 diaeonus
1465 4378 1533 4429 sea,
1557 4364 1701 4435 episcopos
1719 4376 1768 4433 per

136 4435 204 4476 atrro
226 4422 371 4490 purissimo
390 4439 453 4479 cum
472 4426 587 4496 gemmis
600 4425 717 4480 dirersis
730 4441 846 4481 numero
860 4434 927 4490 tres,
980 4429 1087 4485 diversa
1109 4428 1170 4485 loca
1196 4446 1310 4505 truantfo
1323 4470 1417 4488 .....
1432 4433 1465 4489 bt
1487 4436 1604 4489 cessavit
1626 4434 1771 4503 episcopa·

133 4500 282 4561 pensantes
294 4492 378 4548 libras
389 4503 452 4548 octo
465 4503 493 4549 et
507 4497 601 4550 uncias
612 4495 717 4551 decem.
729 4494 816 4559 Porro
828 4505 856 4550 et
867 4497 927 4550 vela
980 4508 1025 4555 tus
1045 4500 1104 4569 eius
1118 4500 1175 4557 dics
1191 4509 1308 4572 quatuor
1323 4502 1351 4558 in
1366 4518 1460 4577 ratense
1471 4502 1773 4568 danuari0,itulictlnne

135 4559 169 4613 de
182 4560 304 4632 alytbino
314 4578 375 4618 cnm
385 4563 512 4635 periclysl
522 4564 556 4619 de
565 4564 661 4620 blattin
672 4564 809 4636 byzantea
824 4566 926 4622 ibidem
938 4629 941 4634 ,
981 4564 1081 4640 prima.

1431 4697 1774 4721 m

391 4797 778 4916 roscensis
820 4796 1022 4919 rans
1050 4806 1089 4921 t
1131 4808 1523 4927 suessona.
1572 4756 1574 4760 ’

853 4976 953 5044 thuri,
965 4978 1038 5044 ibid.)

373 5144 543 5207 celsinus
560 5144 678 5206 thim.
978 5155 1266 5227 gnoseittrrlocorunt,
1288 5157 1408 5215 merum
1420 5162 1603 5236 promatgare,
1623 5174 1652 5221 et
1666 5173 1772 5236 aposto

211 5234 408 5308 delineatione
421 5236 591 5310 reliquiarum
605 5249 705 5295 ranae
718 5237 843 5300 Geeilioe.
978 5246 1039 5303 litas
1053 5247 1550 5309 tmutotioaisceasaraeanttnnare.
1571 5253 1604 5308 Et
1625 5254 1689 5324 gula
1709 5268 1773 5310 con·

168 5326 237 5385 Cum
246 5329 524 5401 sumnaapostottea
545 5330 685 5401 dignitatis
697 5345 765 5401 apsa
778 5333 807 5390 ia
822 5334 875 5393 huc
888 5334 929 5393 di-
979 5337 1056 5394 venit
1078 5346 1173 5394 nostro
1195 5339 1347 5410 apostolico
1374 5341 1573 5407 moderamini,
1607 5351 1638 5397 nr
1666 5342 1773 5400 diversa

130 5414 198 5476 viae
217 5428 375 5492 perspectus
397 5419 486 5475 nitore
502 5419 669 5492 dignoscitur
689 5421 850 5495 perfulgere,
865 5441 931 5484 cunt
980 5442 1096 5499 corpora
1105 5436 1271 5499 sauctorum,
1285 5447 1347 5503 qaas
1357 5433 1404 5490 diu
1419 5432 1682 5502 larciniacuerant,
1711 5450 1774 5492 cnm

131 5509 162 5570 ln
181 5511 342 5571 exercendis
362 5511 411 5568 Ilei
427 5511 553 5568 laudibus
573 5512 721 5584 impensius
738 5515 857 5573 studebit
872 5515 929 5590 [eo-
980 5533 1087 5573 summa
1100 5518 1238 5591 vigilantia
1252 5522 1289 5578 ob
1307 5523 1436 5578 honorem
1458 5520 1653 5590 omnipotentia
1668 5522 1716 5579 bel
1732 5524 1769 5580 in·

131 5602 241 5678 namur]
255 5603 385 5661 exhihere
402 5612 552 5671 certamen,
567 5605 604 5661 ad
615 5605 668 5661 hoc
679 5612 708 5659 ct
717 5604 839 5676 injuncta
851 5607 929 5666 nohis
981 5616 1026 5666 tra
1046 5609 1126 5682 hujus
1140 5611 1220 5667 almae
1230 5613 1306 5670 erbis
1324 5613 1444 5668 claustra
1461 5611 1574 5668 ltonmte
1595 5626 1772 5687 congregare,

132 5691 252 5762 ejtrsdetn
268 5693 423 5763 apostolieae
447 5693 591 5764 pastoralis
609 5694 753 5765 compulslt
770 5695 930 5754 sollicitudi·
979 5697 1051 5755 inter
1064 5714 1133 5770 tyuos
1145 5708 1174 5757 et
1185 5716 1284 5772 eorpus
1298 5701 1384 5756 marm
1398 5699 1513 5758 Caecilio
1525 5704 1663 5774 nnrtyrts,
1684 5693 1773 5776 pervi-

133 5784 176 5841 nis
189 5799 265 5851 eura,
280 5800 339 5856 tynae
354 5787 387 5842 ad
406 5785 580 5842 stabilitatem
600 5787 706 5859 piorum
726 5789 863 5861 pertinere
884 5791 926 5849 di·
978 5791 1045 5864 giles
1057 5794 1167 5850 cannino
1184 5793 1322 5864 inquirere
1335 5791 1514 5850 deberemus:
1538 5802 1565 5851 et
1582 5796 1646 5869 quta
1663 5795 1773 5868 jamdu-
