3810 6120
151 226 214 284 nm
815 216 847 283 s:
866 226 933 284 teu
952 222 1043 284 tana·
1059 202 1110 295 nt,
1716 232 1785 289 vura

182 348 215 403 lit
229 346 256 401 in
272 346 349 401 titulo
363 354 464 401 macte
476 344 524 399 liei
541 343 697 406 Genitricis,
712 328 776 413 quae
787 343 937 419 appellatur
950 347 976 415 Α
987 345 1128 413 duodecim
1140 352 1285 417 penmntes
1294 342 1375 411 titviul
1386 348 1471 409 libras¹
1482 356 1576 419 suptus
1596 348 1654 405 luta
1666 358 1695 409 et
1706 358 1781 407 ocur.

147 417 264 481 Callisti,
287 416 351 471 lecit
372 428 485 486 regnum
510 430 544 471 ex
567 429 633 496 auro
658 414 803 497 purissime
817 415 937 484 pendens
990 416 1120 487 gabathas
1147 426 1290 489 argenteas
1319 416 1487 487 intersatiles
1526 418 1573 473 lun
1610 427 1653 476 tas
1684 421 1710 474 vi
1732 421 1783 484 inti

146 502 229 560 super
242 489 329 542 attare
345 484 433 554 majus
458 499 493 540 ox
518 498 632 557 gemmis
648 483 776 556 pretiosus
801 492 935 551 ornatam,
987 501 1083 555 utram,
1095 496 1122 542 ct
1140 501 1248 551 erucem
1275 502 1366 551 unam,
1384 496 1531 559 pensarvtus
1553 488 1582 553 in
1597 506 1682 549 auvam
1697 437 1784 547 tiras

148 573 267 633 pensans
280 557 377 612 libram
390 568 497 608 nnana·
631 555 635 562 “
987 555 1193 627 quinquaginta.
1207 558 1317 620 Vestem
1332 572 1413 629 super
1423 557 1508 615 altare
1519 559 1552 614 de
1563 558 1674 617 tundata
1686 576 1782 628 uttam,

181 629 269 697 aterve
283 627 310 681 in
329 624 450 681 diaconia
468 623 554 693 ipsius
580 622 627 679 Dei
651 623 878 696 genitricisque
987 635 1015 681 et
1030 627 1111 681 aliam
1125 615 1158 682 dc
1172 626 1287 689 blattlvin
1317 642 1378 682 cum
1403 626 1593 700 chrysoclavo,
1620 644 1673 686 nee
1684 646 1741 685 non
1756 643 1784 687 rt

145 699 262 769 pellatur
286 695 437 760 bomiuiea,
455 692 519 749 iecit
544 708 657 765 regnum
672 710 705 750 ex
731 710 798 750 auro
816 695 899 750 mund
988 694 1069 751 aliam
1086 706 1189 751 vestem
1205 698 1294 751 albam
1309 704 1427 752 rosatam
1444 714 1505 753 cum
1522 697 1711 769 chrysoclavo.
1727 700 1781 757 le·

119 798 123 803 ·
145 767 216 821 simo
239 766 359 834 pendens
380 779 464 833 super
481 763 567 819 altare
590 764 679 833 majus
694 780 728 819 ex
742 765 856 835 gemmis
872 778 935 834 pre·
987 764 1045 834 lum
1057 767 1191 821 medicum
1205 766 1438 838 clugsnelavatum
1448 782 1510 826 cunr
1525 766 1657 824 crucifixe
1671 778 1698 825 et
1714 786 1782 829 mar

143 838 225 892 tiosis
237 843 363 890 amatum
380 850 497 905 pensans
508 833 592 888 libras
609 835 684 889 (lavas.
700 834 750 889 llic
762 833 937 891 beatissimus
1006 836 1083 897 avitis
1108 845 1243 900 ornatum.
1263 836 1327 892 Vela
1343 837 1376 897 dc
1390 837 1508 893 stauraci
1535 846 1651 907 septem,
1670 839 1781 897 velada

166 906 243 962 rasut
262 905 353 960 divina
367 905 546 974 inspiratione
571 901 689 1027 regletus
702 904 768 959 lecit
781 904 808 958 in
823 901 935 971 basilica
987 852 1100 960 {viridate
1117 914 1245 976 quatuor,
1259 904 1317 960 vela
1342 906 1457 973 modica,
1481 920 1542 975 quae
1554 908 1674 977 pendent
1697 910 1725 965 in
1739 926 1784 965 re-

143 922 195 1033 fici
217 975 357 1048 genitricis
378 975 412 1028 ad
432 975 556 1044 Prcsepe
569 974 596 1028 in
620 989 733 1046 ngressu
750 974 876 1044 praestrpii
890 988 934 1028 re-
987 974 1074 1045 gulari
1098 985 1160 1030 anne
1175 975 1309 1046 imagines
1331 975 1436 1047 Tyrias,
1453 990 1510 1031 sex.
1531 976 1597 1033 Vela
1615 978 1678 1035 alia
1692 980 1782 1036 serica

165 1047 206 1102 las
221 1046 322 1100 vestias
336 1060 370 1099 ex
381 1052 494 1115 argente
506 1043 660 1114 purissimo,
688 1052 833 1121 pensantes
855 1045 935 1099 simul
987 1052 1083 1098 ornata
1093 1045 1120 1100 in
1134 1045 1248 1099 circuitu
1260 1046 1293 1100 de
1305 1045 1415 1100 lundato
1439 1046 1592 1101 duodecim.
1611 1048 1710 1103 vetum
1725 1066 1782 1115 ma-

144 1061 229 1172 fibras
248 1123 358 1173 eentum
382 1115 475 1184 viginti
492 1121 519 1168 ct
539 1122 651 1183 septem,
671 1120 695 1167 et
711 1127 793 1184 super
805 1113 878 1182 ipsas
895 1129 936 1168 rc-
984 1113 1029 1185 jus
1044 1114 1132 1169 album
1147 1122 1266 1171 rosatum
1290 1124 1417 1171 ornatum
1432 1116 1548 1185 desuper
1563 1117 1596 1172 de
1613 1119 1784 1189 arradrapulo

163 1188 203 1242 ias
221 1186 306 1240 velum
332 1184 464 1240 modicum
486 1184 627 1239 inundatum
647 1184 751 1247 babens
766 1182 794 1237 in
820 1184 935 1238 circuitu
986 1200 1080 1253 nuum.
1096 1192 1123 1238 et
1149 1185 1221 1239 aliud
1243 1185 1331 1239 velum
1355 1186 1468 1240 rubeum
1494 1200 1555 1239 euna
1583 1187 1698 1253 bubalo,
1710 1191 1783 1258 quod

144 1205 236 1313 fastam
252 1257 286 1311 de
304 1255 492 1326 chrysoclavo.
524 1252 579 1309 Nec
596 1269 650 1308 non
675 1253 767 1309 etalia
782 1255 840 1308 vela
854 1254 934 1327 Tyria
986 1254 1086 1325 pendet
1111 1263 1173 1309 ante
1199 1255 1287 1325 regias
1313 1253 1439 1322 maiores.
1454 1254 1519 1311 teta
1541 1256 1647 1311 modica
1661 1257 1785 1313 destan-

145 1342 227 1397 snper
241 1326 332 1394 regias
354 1324 471 1393 ntajores
485 1325 536 1380 tria
550 1325 577 1379 in
590 1324 713 1396 ingressu
740 1322 861 1379 basilicae
873 1340 934 1379 eum
987 1324 1042 1379 rael
1057 1332 1173 1395 quantor
1210 1339 1242 1378 tte
1255 1325 1374 1394 pendent
1389 1324 1543 1394 inregulari
1559 1333 1622 1381 aute
1633 1326 1782 1395 imagines,

117 1412 119 1417 ·
143 1397 270 1468 periclysi
281 1397 315 1450 dc
328 1395 447 1450 laudato.
986 1393 1034 1449 sed
1051 1395 1142 1448 atalia
1159 1339 1216 1448 resfa
1231 1395 1385 1464 promiscua
1405 1397 1493 1451 serica
1517 1410 1630 1451 numero
1642 1398 1782 1453 undecim.

181 1466 256 1522 l'eeit
287 1476 376 1521 autent
402 1466 473 1520 idern
498 1465 623 1535 egregius
650 1463 748 1535 praesul
771 1464 799 1517 in
823 1463 935 1519 basilica
986 1463 1060 1519 veru
1075 1465 1118 1519 ubi
1135 1480 1216 1535 supra
1231 1465 1265 1518 ad
1288 1463 1445 1520 lontesvela
1462 1464 1543 1536 Tyria
1562 1465 1784 1537 triaqnaepen-

145 1536 217 1592 beati
232 1536 306 1591 Petri
318 1535 433 1604 apostoli
447 1535 546 1590 calices
557 1535 675 1604 majores
687 1548 720 1588 ex
733 1540 845 1605 argento
858 1549 935 1589 mun·
987 1534 1051 1590 deut
1067 1534 1095 1588 in
1112 1534 1228 1604 regulari
1242 1542 1305 1588 ante
1328 1534 1471 1607 imagines,
1496 1542 1523 1590 et
1537 1533 1590 1590 alia
1604 1534 1664 1591 vcia
1689 1537 1782 1594 sedon

144 1606 268 1671 dissimo,
288 1607 334 1676 qui
346 1606 442 1661 sutona
456 1619 537 1674 snper
549 1605 642 1669 trabes
664 1614 807 1674 argenteas
820 1618 935 1659 numero
987 1618 1101 1659 nurnero
1113 1602 1208 1672 viginti
1221 1618 1313 1658 vvnttm.

145 1676 239 1731 decom
253 1686 281 1729 et
295 1683 357 1731 octo
407 1682 517 1730 nsantes
531 1674 611 1727 simul
624 1674 707 1728 libras
721 1681 828 1728 ceritum
842 1683 934 1730 octua-
1007 1672 1148 1729 disiecit
1162 1672 1241 1730 beate
1263 1673 1343 1729 Petro
1362 1672 1485 1743 apostolo
1500 1670 1628 1729 nutritori
1647 1674 1780 1733 suamli-

144 1745 219 1815 giuta
249 1745 326 1801 duras.
358 1690 491 1808 lgcnom
510 1744 556 1798 ubi
573 1759 666 1826 supra,
692 1742 756 1797 lecit
782 1723 1044 1800 cerostatassscem
1073 1757 1185 1797 auremn
1209 1736 1373 1814 praecipuum
1403 1743 1780 1827 sanoclgstumjepanoeli·

144 1815 261 1883 majores
274 1815 367 1870 iusiles
383 1822 544 1885 aspergente,
554 1828 709 1895 purissimo,
723 1813 770 1884 qui
785 1820 858 1868 stam
871 1823 934 1870 ante
984 1812 1068 1937 stumg
1083 1813 1197 1868 diversis
1211 1821 1336 1868 ornatum
1350 1812 1403 1884 lapi
1423 1805 1484 1879 ibvis
1505 1821 1639 1897 pretiosas·
1659 1830 1779 1885 pensan-

142 1885 351 1945 conlessionem,
376 1893 523 1954 pensantes
547 1884 631 1939 libras
653 1891 762 1938 eentum
787 1885 933 1962 nonaginta
984 1893 1038 1940 tem
1067 1884 1140 1938 ibras
1153 1882 1273 1953 triginta.
1295 1882 1357 1938 Pari
1370 1880 1451 1938 modo
1463 1883 1524 1940 lectt
1549 1894 1576 1938 et
1588 1892 1718 1954 patenam
1731 1901 1781 1941 aa·

141 1963 214 2010 neto.
226 1954 367 2010 investivit
381 1969 446 2010 vero
461 1968 541 2037 super
554 1955 674 2009 strabern
688 1969 720 2008 ex
735 1962 847 2021 argento
859 1969 936 2009 mun·
984 1969 1058 2009 maru
1073 1953 1271 2023 sparvoclystam
1296 1953 1422 2010 similiter
1442 1953 1557 2009 diversis
1579 1963 1706 2009 ornatam
1718 1971 1780 2026 pre-

143 2023 266 2087 dissime,
278 2040 339 2095 spana
347 2032 390 2080 est
401 2040 485 2094 super
493 2024 638 2095 arranginem
649 2038 761 2078 auream
772 2024 799 2079 in
809 2023 934 2092 ingressu
984 2023 1063 2079 brasis
1079 2023 1212 2093 lapidibus
1232 2031 1391 2092 pensantem
1417 2023 1504 2089 libras,
1522 2024 1618 2096 viginti
1643 2024 1777 2095 guiumar.

142 2094 278 2157 wstlbnli,
293 2103 425 2165 pensante
449 2095 534 2150 libras
558 2103 667 2149 centnm
684 2094 777 2165 vigivvti
791 2108 837 2148 sex
848 2102 875 2149 et
890 2110 934 2149 se·
984 2092 1059 2148 Fecit
1082 2108 1147 2149 vero
1173 2107 1255 2164 super
1277 2093 1408 2149 ciborium
1424 2093 1458 2149 de
1478 2094 1558 2162 altari
1572 2094 1679 2163 ,majori
1696 2094 1778 2150 beate

117 2178 120 2183 ·
144 2164 207 2217 mb.
225 2165 325 2220 Verum
346 2162 434 2220 'etiam
447 2165 494 2220 ubi
507 2178 589 2233 supra
612 2163 677 2219 lecit
691 2163 817 2218 lucernas
840 2165 934 2220 lusiles
983 2162 1066 2219 Petro
1078 2160 1199 2233 apostolo
1211 2164 1342 2218 cantitata
1365 2161 1467 2247 majora
1483 2173 1599 2234 qvtatuor
1614 2179 1647 2220 ex
1664 2176 1779 2235 argemo

143 2232 255 2289 danaen
281 2243 394 2306 argento
440 2235 570 2289 urissimo
580 2242 726 2304 pensantes
750 2234 830 2288 simul
850 2234 935 2291 libras
982 2233 1130 2305 purissimo
1153 2232 1281 2288 habentia
1295 2232 1322 2286 in
1343 2234 1433 2288 medtu
1450 2248 1544 2289 cereos
1558 2248 1591 2289 ex
1606 2236 1778 2305 argentbde-

142 2302 238 2373 xigintl
254 2313 284 2358 et
294 2314 407 2375 septem.
420 2251 457 2358 {t
469 2306 520 2359 boc
533 2304 673 2359 constituit
689 2312 719 2370 ut
732 2304 934 2359 ilomiuicorum
983 2312 1103 2368 auratos,
1130 2302 1270 2371 perrsautia
1299 2304 1326 2358 in
1340 2318 1423 2357 unvtrn
1437 2302 1520 2359 libras
1533 2312 1642 2359 eevvtum
1671 2316 1702 2359 et
1712 2320 1778 2374 ‹prva-

142 2371 196 2435 die,
224 2375 270 2428 rel
282 2375 309 2429 in
334 2374 436 2429 sanctis
459 2374 676 2428 solemnitatibus
700 2374 764 2428 hine
780 2373 843 2429 inde
854 2373 933 2442 juxta
984 2373 1118 2445 draginta.
1135 2372 1285 2428 Praedictus
1301 2387 1365 2435 vere
1376 2381 1403 2427 et
1436 2372 1564 2429 racularus
1577 2374 1699 2444 pontifex
1713 2374 1777 2429 iecit

142 2440 284 2498 lectorium
306 2445 495 2508 consisterent,
523 2444 606 2498 etad
631 2443 774 2512 legendum
791 2445 934 2500 sacrastis·
983 2440 1029 2497 ulti
1044 2457 1125 2512 supra
1140 2441 1305 2497 tlruribulum
1318 2389 1619 2513 apostoicuneraaro
1649 2445 1778 2501 unissime

142 2512 249 2569 edoces
263 2514 373 2568 banania
390 2513 533 2582 splendore
545 2512 719 2584 refulgerent.
982 2526 1101 2584 pensans
1127 2512 1210 2567 libras
1234 2511 1301 2567 duas
1318 2520 1346 2567 et
1358 2512 1453 2568 uncias
1470 2513 1599 2585 quinque.
1637 2514 1694 2570 ecit
1712 2530 1779 2570 veru

179 2581 229 2638 llio
242 2583 470 2640 iecitadbeatum
485 2582 620 2638 Andream
636 2582 932 2654 apostotumettaortum
983 2590 1085 2637 testem
1105 2596 1186 2650 snpra
1213 2581 1300 2637 altare
1318 2581 1404 2650 majus
1427 2583 1630 2652 chrysoclavam
1657 2583 1777 2639 diversis

142 2664 176 2705 ex
191 2662 304 2725 argento
316 2653 462 2724 purissime
489 2668 571 2724 super
593 2652 680 2708 altare
705 2651 792 2721 majus
816 2669 934 2724 pensans
982 2661 1105 2709 amatam
1135 2651 1286 2723 picturis(
1317 2668 1359 2705 am
1386 2652 1528 2707 constituit
1560 2660 1778 2724 aabtortevnpo-

142 2718 225 2777 lilvras
256 2731 393 2793 trecentas
417 2724 585 2794 mquinque.
607 2723 657 2778 llic
681 2725 934 2796 auurnpraeotpaus
982 2723 1058 2777 ribus
1105 2736 1234 2776 ramnum
1248 2720 1426 2777 intrrodem'ua
1441 2669 1602 2778 teottoulius
1613 2722 1716 2778 ibidem
1730 2738 1777 2795 po·

140 2792 263 2859 pontifex
277 2793 406 2850 diviuitus
421 2793 569 2864 inspiratus
588 2793 774 2863 baptisterium
789 2795 835 2849 ubi
849 2811 931 2877 supra
982 2808 1057 2848 uere.
1099 2790 1153 2848 ecit
1165 2789 1210 2844 ubi
1227 2805 1309 2862 supra
1334 2807 1449 2848 coronas
1463 2792 1580 2861 maiores
1602 2806 1636 2846 ex
1662 2800 1778 2865 argento

141 2863 320 2931 conspiciens,
339 2865 401 2933 quia
423 2862 481 2933 iam
500 2878 557 2933 pra·
583 2864 666 2918 nimia
691 2872 825 2919 vetustate
847 2880 933 2921 rurnae
981 2861 1127 2931 purissimo
1141 2868 1259 2932 quatuor
1283 2869 1427 2931 pensantes
1455 2861 1536 2917 simul
1564 2862 1649 2917 libras
1667 2872 1778 2918 centum

141 2934 297 3000 pronianun
319 2934 415 2996 inerat,
437 2944 464 2990 et
490 2935 553 3003 quia
586 2933 727 3003 angustior
744 2933 819 2989 locus
841 2937 932 3007 populi
981 2932 1177 3009 quiunquagiuta
1192 2932 1450 3002 guatunretsemis.
1465 2932 1618 3000 Fecitvcro
1631 2932 1679 2987 ubi
1694 2948 1777 3015 supra

141 3003 277 3059 existebat
289 3006 334 3074 (μή
350 3005 382 3058 ad
406 3005 570 3074 baptismum
583 3002 719 3068 serviebat,
746 3004 818 3059 idem
832 3007 931 3074 praesul
981 3000 1124 3062 lectorium
1142 3010 1299 3075 exargento
1344 3002 1469 3061 rarissime
1487 3001 1564 3057 mire
1579 3001 1777 3073 magnitudinis

136 3088 157 3129 a
171 3072 354 3129 landunentis
366 3074 454 3145 ipsum
472 3074 659 3144 baptisterium
675 3072 701 3127 in
720 3073 864 3130 rotundum
877 3091 934 3130 am-
947 3079 969 3141 (ζ
984 3072 1141 3128 decomnvm
1165 3086 1281 3142 pensam
1307 3018 1390 3128 linras
1415 3080 1524 3128 centum
1544 3072 1725 3142 quadraginta
1749 3081 1778 3128 et

141 3140 186 3207 pla
200 3142 324 3212 largitate
336 3154 499 3198 construens
518 3142 547 3198 in
567 3144 705 3197 meliorem
720 3143 807 3198 erexit
820 3153 931 3212 satum,
985 3152 1048 3197 tres.
1069 3141 1190 3197 Necnon
1200 3151 1227 3197 et
1242 3150 1391 3198 cerostatas
1405 3156 1438 3196 cx
1465 3151 1576 3213 argento
1594 3140 1777 3211 mundissimo

141 3218 224 3279 atque
236 3227 344 3266 sacrum
359 3211 461 3266 lentem
477 3213 503 3265 in
523 3212 612 3267 rvredm
637 3213 746 3281 largiori
773 3214 861 3281 spatio
874 3215 934 3268 iun·
983 3221 1087 3266 starum
1105 3210 1182 3279 juxta
1202 3212 1290 3282 ipsum
1314 3211 1455 3267 lectorium
1481 3221 1629 3281 pensantes
1648 3211 1731 3279 simul
1745 3212 1777 3267 li-

142 3280 225 3341 davit,
239 3288 268 3334 et
281 3281 308 3333 in
321 3281 437 3335 circuitu
461 3282 595 3337 eolunrnis
608 3282 805 3352 porphyreticis
822 3284 933 3339 deeora-
982 3280 1045 3336 bras
1073 3282 1413 3352 quadragintaetnovem.
1441 3280 1778 3352 Vrcrumctiantetsupev

141 3349 192 3412 vit,
207 3350 275 3404 etita
300 3350 485 3407 mediolanus
508 3352 662 3407 eolvvmnam
687 3353 787 3422 posuit
812 3362 934 3424 etsupcr
983 3349 1217 3419 ipsaseerostatas
1239 3350 1442 3409 iccillueeruas
1466 3349 1558 3407 iusiles
1570 3350 1697 3422 bimyxas
1709 3352 1778 3408 duas

140 3418 296 3477 columnam
319 3436 464 3492 agnomen
479 3432 590 3493 argento
606 3423 752 3492 purisdrno
776 3421 933 3480 invadentem
982 3437 1015 3474 ex
1030 3430 1143 3491 argento
1156 3437 1224 3491 puro
1237 3431 1382 3491 pensantes
1403 3422 1486 3490 libras
1507 3421 1603 3504 viginti
1616 3430 1645 3476 et
1660 3429 1775 3492 septem.

141 3491 310 3562 antrannnui
323 3495 419 3561 pensat
430 3492 514 3547 libras
524 3492 618 3546 decent
627 3501 655 3545 ot
668 3500 731 3547 oeto
743 3500 770 3546 et
783 3494 876 3547 uncias
887 3495 932 3548 de-
982 3490 1013 3544 ΕΙ
1030 3492 1080 3546 boe
1096 3492 1247 3556 constituit,
1262 3501 1291 3546 ut
1304 3491 1504 3547 {lominieurum
1522 3493 1566 3546 dre
1579 3491 1623 3547 rel
1633 3492 1662 3547 iu
1675 3490 1778 3548 sancis

140 3575 211 3615 cem.
228 3558 284 3621 Nee
295 3575 347 3616 uon
359 3571 388 3617 et
402 3562 488 3618 altare
501 3562 589 3632 majus
599 3563 650 3616 snb
663 3563 756 3617 alisida
770 3565 930 3629 construxit,
982 3562 1198 3616 solemnitatibus
1213 3562 1274 3616 bine
1295 3561 1358 3617 iude
1374 3561 1450 3631 juxta
1475 3558 1617 3618 lectorium
1643 3562 1776 3634 conante·

140 3628 219 3696 uvius
240 3630 337 3685 taciem
356 3642 438 3702 atque
457 3631 653 3687 cortiessionem
679 3646 726 3687 seu
740 3648 822 3702 rugas
835 3635 868 3687 ad
883 3635 931 3689 de·
982 3633 1053 3696 re'nt,
1068 3640 1095 3685 et
1109 3631 1297 3702 adlegandum
1312 3646 1403 3687 sacras
1421 3633 1551 3687 lectiones
1566 3631 1678 3686 lumirvis
1688 3632 1777 3703 splen·

140 3714 232 3756 tatrem
247 3700 413 3769 ipsiussaeri
427 3703 521 3756 altaris
535 3700 673 3757 investivit
683 3716 716 3756 ex
730 3712 842 3771 argento
856 3720 932 3764 muu-
982 3703 1049 3757 dora
1060 3702 1203 3783 fulgerent.
1221 3702 1457 3757 Pbarocantltaros
1481 3702 1546 3757 lecit
1561 3701 1588 3755 in
1603 3700 1775 3773 presbyteria

140 3768 256 3827 dissitam,
267 3781 398 3839 pessume
410 3771 491 3827 sbnul
514 3770 598 3825 libras
622 3771 800 3842 quadraginta
813 3784 841 3826 et
858 3782 929 3829 ectu.
981 3786 1096 3839 numero
1107 3772 1311 3842 quatuordeeim
1329 3787 1363 3827 ex
1378 3782 1490 3841 argento
1504 3771 1696 3837 mundissime,
1710 3786 1776 3843 pen·

142 3836 245 3899 Veruut
267 3840 349 3896 ettam
367 3849 395 3896 et
408 3852 510 3897 vestem
527 3842 560 3897 de
574 3842 691 3896 stauraci
707 3857 788 3912 super
806 3856 866 3897 eam
883 3861 931 3915 pu-
982 3850 1073 3898 santes
1087 3843 1168 3898 sivuul
1181 3843 1264 3896 libras
1287 3843 1497 3913 ‹guadringentas
1525 3841 1638 3911 triginta
1664 3852 1692 3896 et
1707 3850 1773 3896 tres.

141 3908 206 3972 suit,
217 3917 298 3978 nupto
310 3911 461 3994 regularem
473 3912 510 3966 ibi
523 3911 762 3993 superinvcstitum
772 3928 805 3966 ex
819 3927 931 3984 argemo
982 3911 1037 3967 Nee
1059 3929 1112 3967 nun
1136 3912 1275 3966 columnas
1302 3922 1373 3976 octo,
1400 3921 1427 3965 et
1441 3926 1521 3966 arcus
1533 3921 1650 3981 quantuor
1664 3911 1729 3967 iecit
1742 3927 1775 3966 ex

140 3979 290 4046 purissime
305 3979 378 4038 lectt.
405 3983 440 4038 Et
455 3997 536 4052 super
555 3997 644 4050 ipsum
663 3982 815 4053 regularem
841 3987 931 4053 pasuit
982 3993 1094 4053 argento
1120 3989 1265 4051 pensantes
1293 3982 1357 4037 inibi
1373 3982 1457 4037 libras
1476 3991 1585 4037 centum
1600 3983 1774 4067 septuaginta

142 4063 236 4105 aruum
250 4057 279 4111 et
296 4051 464 4122 gammadias
489 4068 524 4107 ex
538 4059 661 4123 argento,
685 4054 825 4122 pensantia
851 4055 930 4109 simul
980 4061 1009 4107 et
1022 4062 1086 4108 tres.
1675 4064 1679 4071 '

141 4118 225 4173 libras
242 4122 409 4191 octuaginta.
428 4122 484 4177 Neo
497 4137 550 4176 non
564 4123 696 4191 imagines
718 4132 776 4177 tres
790 4123 834 4176 ubi
848 4139 930 4193 supra
1016 4122 1093 4177 Fecit
1106 4137 1171 4176 vero
1182 4121 1227 4176 nbi
1247 4136 1327 4191 supra
1346 4121 1444 4178 calices
1459 4121 1586 4177 lunulatos
1599 4136 1635 4176 ex
1736 4130 1773 4187 ta,

140 4189 240 4259 pontit,
267 4199 412 4259 pensamm
436 4191 503 4247 iuilvi
520 4192 603 4247 libras
625 4192 737 4263 triginta
749 4201 777 4247 et
790 4203 894 4262 septem
904 4205 931 4250 ct
982 4193 1027 4262 qrri
1041 4193 1159 4263 petatem
1177 4192 1248 4247 iuter
1267 4192 1405 4247 columnas
1428 4191 1546 4264 rataiores
1571 4191 1667 4246 dextra
1725 4207 1772 4245 ra-

140 4257 351 4321 uueiastleeevu.
367 4261 456 4332 lpsmu
471 4277 536 4317 vero
561 4262 750 4332 baptisterium
773 4262 888 4320 diversis
902 4265 929 4320 iu
980 4278 1034 4333 que
1052 4263 1170 4318 basilico
1189 4276 1301 4317 numero
1317 4263 1456 4333 sexaginta
1481 4270 1613 4332 quatuor,
1628 4271 1775 4333 pensantes

140 4327 257 4384 circuitu
272 4330 408 4386 decoravit
421 4332 544 4403 picturis.
981 4334 1083 4404 pariter
1102 4332 1183 4388 libras
1201 4331 1414 4402 quadringentas
1440 4332 1580 4402 sexaginta
1599 4340 1628 4386 et
1644 4332 1757 4387 nnartr.¹

175 4395 333 4461 Oratorbtm
355 4417 421 4457 vero
448 4414 552 4459 sancte
575 4400 671 4457 Crucis
686 4401 731 4457 arbi
748 4418 841 4471 mora,
857 4405 928 4474 quod
944 4430 970 4489 D
1017 4403 1089 4459 idean
1104 4417 1168 4457 vero
1182 4408 1321 4471 prtcsagus
1335 4403 1448 4458 antistes
1461 4403 1507 4456 ubi
1519 4416 1600 4473 supra
1615 4400 1651 4457 a'd
1664 4402 1776 4457 beatam

139 4466 197 4543 jam
210 4483 266 4538 praa
291 4470 376 4526 ninria
388 4481 449 4527 erat
471 4480 605 4528 vetustate
620 4472 765 4538 ruiturum,
780 4473 931 4543 hiepraeci·
984 4471 1120 4527 Andecaui
1137 4471 1288 4542 apostolum
1308 4472 1445 4527 investivit
1470 4471 1556 4526 altare
1572 4471 1662 4542 malus
1678 4488 1713 4528 ex
1733 4487 1776 4545 aa·

141 4554 211 4609 parvm
224 4548 348 4621 pastore
371 4542 553 4598 fundamentis
574 4541 655 4597 sirnul
677 4558 739 4598 cum
755 4543 848 4598 absida
862 4560 932 4601 nove
958 4542 968 4563 ’
984 4553 1066 4612 gevvto
1078 4543 1225 4611 purissimo
1236 4542 1367 4596 deaurato
1380 4543 1449 4597 miro
1469 4543 1567 4597 decere
1579 4552 1688 4607 ornato,
1713 4542 1775 4599 'uod

140 4607 258 4668 edium
271 4613 367 4675 erexit,
383 4622 411 4669 et
425 4615 459 4668 ad
477 4613 625 4684 perlectum
641 4628 727 4682 usqne
739 4613 875 4682 perduxit,
889 4624 931 4668 at·
985 4621 1081 4681 pensat
1091 4611 1208 4682 caradigua
1222 4611 1304 4665 libras
1317 4621 1425 4666 centurn
1438 4611 1547 4682 triginta
1562 4610 1695 4682 quinque.
1732 4628 1777 4667 an-

141 4692 195 4747 uue
209 4678 296 4749 ipsam
317 4684 438 4739 absitlam
464 4683 618 4739 exmusivo
637 4682 752 4739 diversis
776 4683 930 4739 decoramur
985 4683 1129 4737 tharassa
1150 4690 1263 4752 argento
1288 4681 1433 4750 purissimo
1459 4682 1601 4737 duodecim
1629 4692 1776 4752 pentsamea

142 4747 296 4821 pistorica
330 4769 363 4808 tte
375 4753 555 4809 manantibus
568 4753 637 4807 miro
654 4752 796 4823 splendore
810 4754 926 4815 ornavit,
984 4752 1067 4807 amul
1088 4752 1171 4807 libras
1196 4752 1390 4821 quinquaginta
1420 4759 1448 4806 et
1463 4750 1776 4807 trrastantsnosono

140 4816 231 4900 abiet
250 4821 348 4877 ulatu't
369 4824 501 4879 alverium
527 4839 609 4894 sugam
630 4823 931 4878 altareemueolunrnis
984 4822 1072 4877 decim
1101 4837 1136 4877 ex
1164 4830 1275 4892 argento
1304 4829 1450 4889 pensantes
1482 4821 1567 4877 libras
1601 4824 1775 4894 septuaginta

140 4903 211 4953 tttts,
224 4898 307 4959 atque
330 4891 426 4948 laciorn
455 4895 539 4964 ipsius
562 4893 657 4948 altaris
679 4892 818 4948 investivit
839 4908 872 4946 ex
887 4909 931 4947 ar·
982 4901 1011 4946 ct
1027 4902 1100 4961 octe,

141 4966 224 5027 genta
244 4962 392 5029 patrimimo
408 4973 540 5032 pearsonis
565 4963 649 5019 libras
664 4971 772 5018 ceratum
795 4963 891 5033 viginti
904 4973 933 5019 et
1017 4962 1156 5017 lvvv'estivit
1182 4976 1248 5016 vero
1269 4960 1355 5016 altare
1379 4961 1465 5016 beatae
1491 4960 1708 5018 Petronillte'ex
1733 4978 1776 5017 at·

142 5042 226 5082 arvam
235 5037 264 5085 ot
277 5032 372 5091 undas
385 5034 462 5090 duas.
475 5035 601 5103 llegnmn
611 5033 811 5104 spauoelystum
821 5048 854 5088 ex
865 5049 933 5089 auro
980 5042 1062 5103 geute
1074 5032 1220 5103 purissime
1235 5032 1367 5086 deaurato
1377 5031 1492 5105 diversit
1503 5043 1632 5088 ornatum
1645 5033 1774 5103 picturis,

141 5096 290 5173 purissimo
304 5117 366 5156 cum
377 5118 460 5167 orares
473 5105 500 5159 in
515 5105 604 5160 rnedio
616 5104 736 5173 pendens
752 5118 833 5173 super
844 5104 932 5173 ipsum
981 5103 1101 5173 undique
1124 5110 1257 5173 pensante
1272 5098 1355 5156 libra's
1380 5105 1490 5171 centum
1509 5103 1650 5175 sexaginta
1667 5112 1696 5157 et
1710 5103 1776 5158 duaa

142 5166 240 5233 altare,
259 5173 400 5238 pensantia
413 5173 509 5229 libram
531 5190 612 5229 unam
630 5183 658 5228 et
681 5173 776 5230 unicias
795 5173 930 5229 undecim.
981 5181 1010 5227 ct
1027 5172 1120 5227 uncias
1138 5179 1209 5242 octo.
1225 5169 1347 5226 Necnon
1368 5170 1506 5226 investivit
1518 5172 1606 5227 altare
1619 5172 1693 5227 beati
1706 5172 1772 5227 Gre-

141 5236 265 5320 Nconon
279 5248 307 5301 et
327 5241 547 5301 aliasoolumnas
561 5254 704 5316 argenteas
721 5252 933 5315 quatuoretsu·
982 5243 1049 5313 gorii
1078 5241 1246 5297 confessoris
1269 5250 1351 5309 aterve
1368 5240 1548 5309 pontilicis'ex
1562 5251 1678 5323 argento
1694 5244 1776 5297 deau-

141 5322 193 5382 per
201 5322 276 5378 ipsas
287 5312 426 5375 columnas
443 5314 593 5380 regularem
605 5315 759 5369 investitum
769 5330 803 5368 ex
817 5324 929 5384 argento
983 5322 1043 5366 ratu
1068 5312 1187 5382 undique
1205 5319 1337 5381 pensante
1369 5309 1454 5366 libras
1481 5315 1590 5367 centum
1611 5312 1719 5382 ‘viginti
1749 5321 1778 5368 et

179 5378 288 5438 riasimo
311 5392 455 5452 pensantes
478 5383 545 5437 iuilvi
570 5384 652 5439 libras
670 5385 810 5453 sexaginta
828 5392 930 5454 etqua-
982 5392 1096 5451 septem.
1150 5391 1153 5397 '

220 5458 248 5506 et
262 5454 435 5510 unciastnas.
451 5452 538 5510 brcus
552 5463 693 5525 argenteos
716 5463 772 5509 tres
785 5463 930 5524 pensantes
1017 5452 1094 5509 Fecit
1116 5450 1162 5505 arbi
1187 5466 1268 5521 supra
1294 5449 1321 5504 in
1336 5450 1440 5520 gremio
1470 5450 1589 5505 basileae
1609 5451 1683 5506 beati
1703 5449 1777 5507 Petri

140 5515 226 5579 llltttt
237 5523 416 5594 quadraginta
434 5532 462 5580 et
474 5534 531 5581 tres
548 5531 575 5577 et
594 5524 687 5579 uncias
710 5532 781 5579 ecto.
797 5525 930 5595 imagines
981 5522 1096 5604 apostoli
1114 5521 1247 5576 cortinam
1270 5517 1400 5586 majorem
1426 5520 1639 5576 Alexandrinam
1668 5521 1778 5577 halese

143 5599 286 5659 attentent
303 5595 447 5652 tleauratas
466 5604 523 5650 tres
536 5600 681 5665 pensantes
702 5593 767 5648 inibi
785 5594 867 5650 libras
880 5593 929 5647 tri·
981 5608 1066 5646 mam
1079 5592 1225 5647 habentem
1238 5591 1265 5645 in
1285 5590 1375 5644 ntediu
1401 5589 1557 5657 atljunctum
1579 5590 1736 5655 laudatum,
1750 5605 1778 5647 et

142 5656 226 5732 gtnta.
243 5660 383 5723 Canistros
398 5675 540 5741 argenteos
555 5663 719 5727 intersatiles
737 5661 927 5724 liutet-rasilesi
982 5662 1134 5720 incircuitu
1146 5669 1271 5718 ornatum
1283 5660 1317 5719 de
1336 5658 1457 5720 lundata.
1475 5662 1574 5719 iurum
1592 5661 1681 5719 eduin
1689 5661 1778 5727 isdem
