<?xml version="1.0" encoding="UTF-8"?>
<!DOCTYPE html PUBLIC "-//W3C//DTD XHTML 1.0 Transitional//EN"
    "http://www.w3.org/TR/xhtml1/DTD/xhtml1-transitional.dtd">
<html xmlns="http://www.w3.org/1999/xhtml" xml:lang="en" lang="en">
 <head>
  <title>
</title>
<meta http-equiv="Content-Type" content="text/html;charset=utf-8" />
  <meta name='ocr-system' content='tesseract 3.04.00' />
  <meta name='ocr-capabilities' content='ocr_page ocr_carea ocr_par ocr_line ocrx_word'/>
</head>
<body>
  <div class='ocr_page' id='page_1' title='image "./patrologiaecurs80unkngoog/patrologiaecurs80unkngoog_0276.png"; bbox 0 0 3810 6120; ppageno 0'>
   <div class='ocr_carea' id='block_1_1' title="bbox 144 309 1778 376">
    <p class='ocr_par' dir='ltr' id='par_1_1' title="bbox 144 309 1778 376">
     <span class='ocr_line' id='line_1_1' title="bbox 144 309 1778 376; baseline -0.004 -2"><span class='ocrx_word' id='word_1_1' title='bbox 144 313 199 375; x_wconf 71' lang='grc'><strong>151</strong></span> <span class='ocrx_word' id='word_1_2' title='bbox 557 310 815 369; x_wconf 70' lang='lat' dir='ltr'><strong>collectiores</strong></span> <span class='ocrx_word' id='word_1_3' title='bbox 832 311 866 369; x_wconf 86' lang='lat' dir='ltr'><strong>iii</strong></span> <span class='ocrx_word' id='word_1_4' title='bbox 890 309 1080 369; x_wconf 73' lang='lat' dir='ltr'><strong>aristonis</strong></span> <span class='ocrx_word' id='word_1_5' title='bbox 1098 311 1142 368; x_wconf 80' lang='lat' dir='ltr'><strong>ET</strong></span> <span class='ocrx_word' id='word_1_6' title='bbox 1162 311 1367 369; x_wconf 73' lang='lat' dir='ltr'><strong>Ei&#39;dNGELili.</strong></span> <span class='ocrx_word' id='word_1_7' title='bbox 1723 320 1778 376; x_wconf 68' lang='lat' dir='ltr'><strong>m</strong></span> 
     </span>
    </p>
   </div>
   <div class='ocr_carea' id='block_1_2' title="bbox 126 425 1777 3033">
    <p class='ocr_par' dir='ltr' id='par_1_2' title="bbox 126 425 1777 3033">
     <span class='ocr_line' id='line_1_2' title="bbox 144 425 1776 503; baseline 0.005 -21"><span class='ocrx_word' id='word_1_8' title='bbox 144 429 228 503; x_wconf 56' lang='grc' dir='ltr'><strong>κῶμ’</strong></span> <span class='ocrx_word' id='word_1_9' title='bbox 244 425 410 500; x_wconf 86' lang='lat' dir='ltr'><strong>quodetiam</strong></span> <span class='ocrx_word' id='word_1_10' title='bbox 424 442 477 482; x_wconf 87' lang='lat' dir='ltr'><strong>nos</strong></span> <span class='ocrx_word' id='word_1_11' title='bbox 489 425 516 480; x_wconf 90' lang='lat' dir='ltr'><strong>in</strong></span> <span class='ocrx_word' id='word_1_12' title='bbox 531 441 598 496; x_wconf 90' lang='lat' dir='ltr'><strong>pace</strong></span> <span class='ocrx_word' id='word_1_13' title='bbox 611 427 739 484; x_wconf 71' lang='lat' dir='ltr'><strong>Ecclesiae</strong></span> <span class='ocrx_word' id='word_1_14' title='bbox 752 430 932 499; x_wconf 82' lang='lat' dir='ltr'><strong>quiescentes,</strong></span> <span class='ocrx_word' id='word_1_15' title='bbox 949 430 1064 494; x_wconf 77' lang='lat' dir='ltr'><strong>uriam,</strong></span> <span class='ocrx_word' id='word_1_16' title='bbox 1090 430 1116 485; x_wconf 91' lang='lat' dir='ltr'><strong>id</strong></span> <span class='ocrx_word' id='word_1_17' title='bbox 1133 438 1186 496; x_wconf 88' lang='lat' dir='ltr'><strong>est,</strong></span> <span class='ocrx_word' id='word_1_18' title='bbox 1206 431 1233 486; x_wconf 92' lang='lat' dir='ltr'><strong>in</strong></span> <span class='ocrx_word' id='word_1_19' title='bbox 1260 431 1343 486; x_wconf 81' lang='lat' dir='ltr'><strong>ultam</strong></span> <span class='ocrx_word' id='word_1_20' title='bbox 1372 439 1512 497; x_wconf 74' lang='lat' dir='ltr'><strong>artemam,</strong></span> <span class='ocrx_word' id='word_1_21' title='bbox 1529 430 1557 487; x_wconf 92' lang='lat' dir='ltr'><strong>in</strong></span> <span class='ocrx_word' id='word_1_22' title='bbox 1581 430 1689 489; x_wconf 88' lang='lat' dir='ltr'><strong>Cbristo</strong></span> <span class='ocrx_word' id='word_1_23' title='bbox 1701 432 1776 503; x_wconf 80' lang='lat' dir='ltr'><strong>lesu,</strong></span> 
     </span>
     <span class='ocr_line' id='line_1_3' title="bbox 143 516 1777 590; baseline 0.001 -12"><span class='ocrx_word' id='word_1_24' title='bbox 143 516 935 590; x_wconf 83' lang='lat' dir='ltr'><strong>aibabitunrpatientisindrrimus,laeilejuranteDomino</strong></span> <span class='ocrx_word' id='word_1_25' title='bbox 985 519 1012 575; x_wconf 82' lang='lat' dir='ltr'><strong>il</strong></span> <span class='ocrx_word' id='word_1_26' title='bbox 1043 528 1106 585; x_wconf 92' lang='lat' dir='ltr'><strong>est,</strong></span> <span class='ocrx_word' id='word_1_27' title='bbox 1131 535 1182 590; x_wconf 91' lang='lat' dir='ltr'><strong>pcr</strong></span> <span class='ocrx_word' id='word_1_28' title='bbox 1213 522 1427 576; x_wconf 80' lang='lat' dir='ltr'><strong>incarnationem</strong></span> <span class='ocrx_word' id='word_1_29' title='bbox 1455 521 1562 590; x_wconf 88' lang='lat' dir='ltr'><strong>ipsius,</strong></span> <span class='ocrx_word' id='word_1_30' title='bbox 1585 523 1643 578; x_wconf 82' lang='lat' dir='ltr'><strong>sire</strong></span> <span class='ocrx_word' id='word_1_31' title='bbox 1669 527 1777 580; x_wconf 75' lang='lat' dir='ltr'><strong>rumvit</strong></span> 
     </span>
     <span class='ocr_line' id='line_1_4' title="bbox 137 606 1775 684; baseline 0.006 -22"><span class='ocrx_word' id='word_1_32' title='bbox 137 608 237 684; x_wconf 71' lang='lat' dir='ltr'><strong>iupus</strong></span> <span class='ocrx_word' id='word_1_33' title='bbox 254 608 374 663; x_wconf 77' lang='lat' dir='ltr'><strong>vitamus</strong></span> <span class='ocrx_word' id='word_1_34' title='bbox 389 613 565 677; x_wconf 88' lang='lat' dir='ltr'><strong>peecatorum</strong></span> <span class='ocrx_word' id='word_1_35' title='bbox 583 606 777 677; x_wconf 80' lang='lat' dir='ltr'><strong>hominumque</strong></span> <span class='ocrx_word' id='word_1_36' title='bbox 801 608 935 664; x_wconf 89' lang='lat' dir='ltr'><strong>desideria</strong></span> <span class='ocrx_word' id='word_1_37' title='bbox 974 618 1014 666; x_wconf 88' lang='lat' dir='ltr'><strong>·ut</strong></span> <span class='ocrx_word' id='word_1_38' title='bbox 1026 619 1069 666; x_wconf 84' lang='lat' dir='ltr'><strong>est</strong></span> <span class='ocrx_word' id='word_1_39' title='bbox 1083 610 1168 666; x_wconf 86' lang='lat' dir='ltr'><strong>illud:</strong></span> <span class='ocrx_word' id='word_1_40' title='bbox 1186 610 1277 666; x_wconf 82' lang='lat' dir='ltr'><strong>Venite</strong></span> <span class='ocrx_word' id='word_1_41' title='bbox 1289 612 1324 665; x_wconf 82' lang='lat' dir='ltr'><strong>od</strong></span> <span class='ocrx_word' id='word_1_42' title='bbox 1338 628 1390 676; x_wconf 83' lang='lat' dir='ltr'><strong>me,</strong></span> <span class='ocrx_word' id='word_1_43' title='bbox 1407 626 1496 666; x_wconf 83' lang='lat' dir='ltr'><strong>omnes</strong></span> <span class='ocrx_word' id='word_1_44' title='bbox 1515 612 1561 683; x_wconf 84' lang='lat' dir='ltr'><strong>qui</strong></span> <span class='ocrx_word' id='word_1_45' title='bbox 1571 611 1710 680; x_wconf 80' lang='lat' dir='ltr'><strong>loiorotia,</strong></span> <span class='ocrx_word' id='word_1_46' title='bbox 1720 623 1775 672; x_wconf 85' lang='lat' dir='ltr'><strong>ete.</strong></span> 
     </span>
     <span class='ocr_line' id='line_1_5' title="bbox 143 699 1777 773; baseline 0.001 -12"><span class='ocrx_word' id='word_1_47' title='bbox 143 711 242 761; x_wconf 73' lang='lat' dir='ltr'><strong>uincta</strong></span> <span class='ocrx_word' id='word_1_48' title='bbox 255 702 355 757; x_wconf 80' lang='lat' dir='ltr'><strong>dirinae</strong></span> <span class='ocrx_word' id='word_1_49' title='bbox 367 699 514 754; x_wconf 79' lang='lat' dir='ltr'><strong>voluntatis</strong></span> <span class='ocrx_word' id='word_1_50' title='bbox 528 700 703 771; x_wconf 75' lang='lat' dir='ltr'><strong>subjugamus</strong></span> <span class='ocrx_word' id='word_1_51' title='bbox 717 699 847 769; x_wconf 87' lang='lat' dir='ltr'><strong>imperiis.</strong></span> <span class='ocrx_word' id='word_1_52' title='bbox 984 699 1156 773; x_wconf 73' lang='lat' dir='ltr'><strong>(lintrium).</strong></span> <span class='ocrx_word' id='word_1_53' title='bbox 1170 702 1296 758; x_wconf 86' lang='lat' dir='ltr'><strong>Perlrciet</strong></span> <span class='ocrx_word' id='word_1_54' title='bbox 1320 703 1347 756; x_wconf 92' lang='lat' dir='ltr'><strong>in</strong></span> <span class='ocrx_word' id='word_1_55' title='bbox 1363 702 1416 758; x_wconf 86' lang='lat' dir='ltr'><strong>irde</strong></span> <span class='ocrx_word' id='word_1_56' title='bbox 1430 710 1458 758; x_wconf 90' lang='lat' dir='ltr'><strong>et</strong></span> <span class='ocrx_word' id='word_1_57' title='bbox 1474 705 1677 773; x_wconf 73' lang='lat' dir='ltr'><strong>perpereruntia</strong></span> <span class='ocrx_word' id='word_1_58' title='bbox 1692 708 1777 763; x_wconf 89' lang='lat' dir='ltr'><strong>bono-</strong></span> 
     </span>
     <span class='ocr_line' id='line_1_6' title="bbox 179 792 1777 867; baseline 0.003 -19"><span class='ocrx_word' id='word_1_59' title='bbox 179 792 272 849; x_wconf 70' lang='lat' dir='ltr'><strong>Eatote</strong></span> <span class='ocrx_word' id='word_1_60' title='bbox 285 793 373 862; x_wconf 82' lang='lat' dir='ltr'><strong>itaque</strong></span> <span class='ocrx_word' id='word_1_61' title='bbox 388 793 539 862; x_wconf 75' lang='lat' dir='ltr'><strong>prudentes,</strong></span> <span class='ocrx_word' id='word_1_62' title='bbox 552 800 605 848; x_wconf 87' lang='lat' dir='ltr'><strong>ete.</strong></span> <span class='ocrx_word' id='word_1_63' title='bbox 630 792 702 848; x_wconf 84' lang='lat' dir='ltr'><strong>Bene</strong></span> <span class='ocrx_word' id='word_1_64' title='bbox 724 800 813 847; x_wconf 83' lang='lat' dir='ltr'><strong>autem</strong></span> <span class='ocrx_word' id='word_1_65' title='bbox 835 794 861 847; x_wconf 92' lang='lat' dir='ltr'><strong>in</strong></span> <span class='ocrx_word' id='word_1_66' title='bbox 876 808 936 847; x_wconf 89' lang='lat' dir='ltr'><strong>ora-</strong></span> <span class='ocrx_word' id='word_1_67' title='bbox 985 806 1044 845; x_wconf 90' lang='lat' dir='ltr'><strong>rum</strong></span> <span class='ocrx_word' id='word_1_68' title='bbox 1064 807 1185 861; x_wconf 85' lang='lat' dir='ltr'><strong>operum,</strong></span> <span class='ocrx_word' id='word_1_69' title='bbox 1200 802 1228 848; x_wconf 92' lang='lat' dir='ltr'><strong>et</strong></span> <span class='ocrx_word' id='word_1_70' title='bbox 1243 794 1270 847; x_wconf 92' lang='lat' dir='ltr'><strong>in</strong></span> <span class='ocrx_word' id='word_1_71' title='bbox 1293 792 1386 848; x_wconf 72' lang='lat' dir='ltr'><strong>inituro</strong></span> <span class='ocrx_word' id='word_1_72' title='bbox 1407 811 1470 850; x_wconf 91' lang='lat' dir='ltr'><strong>eum</strong></span> <span class='ocrx_word' id='word_1_73' title='bbox 1491 795 1590 851; x_wconf 76' lang='lat' dir='ltr'><strong>dixerit</strong></span> <span class='ocrx_word' id='word_1_74' title='bbox 1612 799 1777 867; x_wconf 77' lang='lat' dir='ltr'><strong>generaliter</strong></span> 
     </span>
     <span class='ocr_line' id='line_1_7' title="bbox 143 881 1760 953; baseline 0.001 -11"><span class='ocrx_word' id='word_1_75' title='bbox 143 885 264 942; x_wconf 77' lang='lat' dir='ltr'><strong>tionibus</strong></span> <span class='ocrx_word' id='word_1_76' title='bbox 281 883 392 953; x_wconf 81' lang='lat' dir='ltr'><strong>vigilare</strong></span> <span class='ocrx_word' id='word_1_77' title='bbox 404 881 541 950; x_wconf 86' lang='lat' dir='ltr'><strong>jubemur,</strong></span> <span class='ocrx_word' id='word_1_78' title='bbox 557 891 586 937; x_wconf 89' lang='lat' dir='ltr'><strong>ut</strong></span> <span class='ocrx_word' id='word_1_79' title='bbox 598 896 658 936; x_wconf 79' lang='lat' dir='ltr'><strong>cum</strong></span> <span class='ocrx_word' id='word_1_80' title='bbox 674 890 779 938; x_wconf 88' lang='lat' dir='ltr'><strong>stamus</strong></span> <span class='ocrx_word' id='word_1_81' title='bbox 791 884 824 938; x_wconf 86' lang='lat' dir='ltr'><strong>ad</strong></span> <span class='ocrx_word' id='word_1_82' title='bbox 836 884 935 938; x_wconf 78' lang='lat' dir='ltr'><strong>oratio</strong></span> <span class='ocrx_word' id='word_1_83' title='bbox 983 882 1109 937; x_wconf 88' lang='lat' dir='ltr'><strong>omnibus</strong></span> <span class='ocrx_word' id='word_1_84' title='bbox 1130 885 1232 939; x_wconf 87' lang='lat' dir='ltr'><strong>sanctis</strong></span> <span class='ocrx_word' id='word_1_85' title='bbox 1250 886 1328 939; x_wconf 88' lang='lat' dir='ltr'><strong>suis:</strong></span> <span class='ocrx_word' id='word_1_86' title='bbox 1348 884 1449 950; x_wconf 85' lang='lat' dir='ltr'><strong>Venite,</strong></span> <span class='ocrx_word' id='word_1_87' title='bbox 1465 886 1591 941; x_wconf 85' lang='lat' dir='ltr'><strong>benedicti</strong></span> <span class='ocrx_word' id='word_1_88' title='bbox 1605 886 1696 943; x_wconf 83' lang='lat' dir='ltr'><strong>Petris</strong></span> <span class='ocrx_word' id='word_1_89' title='bbox 1709 892 1760 944; x_wconf 83' lang='lat' dir='ltr'><strong>mei</strong></span> 
     </span>
     <span class='ocr_line' id='line_1_8' title="bbox 128 973 1773 1052; baseline 0.004 -21"><span class='ocrx_word' id='word_1_90' title='bbox 128 990 208 1032; x_wconf 82' lang='lat' dir='ltr'><strong>-trem</strong></span> <span class='ocrx_word' id='word_1_91' title='bbox 222 974 350 1045; x_wconf 83' lang='lat' dir='ltr'><strong>cogitatio</strong></span> <span class='ocrx_word' id='word_1_92' title='bbox 362 973 451 1028; x_wconf 91' lang='lat' dir='ltr'><strong>omnis</strong></span> <span class='ocrx_word' id='word_1_93' title='bbox 465 973 583 1028; x_wconf 84' lang='lat' dir='ltr'><strong>earmlis</strong></span> <span class='ocrx_word' id='word_1_94' title='bbox 595 983 623 1028; x_wconf 88' lang='lat' dir='ltr'><strong>et</strong></span> <span class='ocrx_word' id='word_1_95' title='bbox 637 973 776 1029; x_wconf 73' lang='lat' dir='ltr'><strong>saecularis</strong></span> <span class='ocrx_word' id='word_1_96' title='bbox 796 974 933 1029; x_wconf 76' lang='lat' dir='ltr'><strong>aliseedat.</strong></span> <span class='ocrx_word' id='word_1_97' title='bbox 983 975 1106 1045; x_wconf 79' lang='lat' dir='ltr'><strong>percipite</strong></span> <span class='ocrx_word' id='word_1_98' title='bbox 1116 978 1309 1047; x_wconf 84' lang='lat' dir='ltr'><strong>reqnom,quorl</strong></span> <span class='ocrx_word' id='word_1_99' title='bbox 1318 979 1388 1032; x_wconf 80' lang='lat' dir='ltr'><strong>rolris</strong></span> <span class='ocrx_word' id='word_1_100' title='bbox 1398 990 1520 1049; x_wconf 83' lang='lat' dir='ltr'><strong>purorum</strong></span> <span class='ocrx_word' id='word_1_101' title='bbox 1531 991 1569 1035; x_wconf 84' lang='lat' dir='ltr'><strong>ert</strong></span> <span class='ocrx_word' id='word_1_102' title='bbox 1579 980 1687 1052; x_wconf 84' lang='lat' dir='ltr'><strong>(ilattlr.</strong></span> <span class='ocrx_word' id='word_1_103' title='bbox 1697 984 1773 1051; x_wconf 76' lang='lat' dir='ltr'><strong>uxr).</strong></span> 
     </span>
     <span class='ocr_line' id='line_1_9' title="bbox 142 1062 1776 1140; baseline 0.001 -19"><span class='ocrx_word' id='word_1_104' title='bbox 142 1064 201 1121; x_wconf 80' lang='lat' dir='ltr'><strong>ileo</strong></span> <span class='ocrx_word' id='word_1_105' title='bbox 212 1065 358 1134; x_wconf 88' lang='lat' dir='ltr'><strong>quidquam</strong></span> <span class='ocrx_word' id='word_1_106' title='bbox 374 1062 480 1118; x_wconf 88' lang='lat' dir='ltr'><strong>aninms</strong></span> <span class='ocrx_word' id='word_1_107' title='bbox 492 1073 590 1132; x_wconf 79' lang='lat' dir='ltr'><strong>prater</strong></span> <span class='ocrx_word' id='word_1_108' title='bbox 605 1063 631 1118; x_wconf 92' lang='lat' dir='ltr'><strong>id</strong></span> <span class='ocrx_word' id='word_1_109' title='bbox 645 1064 731 1118; x_wconf 87' lang='lat' dir='ltr'><strong>solum</strong></span> <span class='ocrx_word' id='word_1_110' title='bbox 749 1064 849 1135; x_wconf 87' lang='lat' dir='ltr'><strong>cogitet</strong></span> <span class='ocrx_word' id='word_1_111' title='bbox 863 1066 935 1133; x_wconf 83' lang='lat' dir='ltr'><strong>quod</strong></span> <span class='ocrx_word' id='word_1_112' title='bbox 984 1062 1048 1119; x_wconf 84' lang='lat' dir='ltr'><strong>Siue</strong></span> <span class='ocrx_word' id='word_1_113' title='bbox 1059 1063 1231 1119; x_wconf 81' lang='lat' dir='ltr'><strong>confirmabit</strong></span> <span class='ocrx_word' id='word_1_114' title='bbox 1250 1065 1276 1120; x_wconf 95' lang='lat' dir='ltr'><strong>in</strong></span> <span class='ocrx_word' id='word_1_115' title='bbox 1291 1065 1353 1130; x_wconf 83' lang='lat' dir='ltr'><strong>side,</strong></span> <span class='ocrx_word' id='word_1_116' title='bbox 1375 1069 1503 1123; x_wconf 86' lang='lat' dir='ltr'><strong>solidabit</strong></span> <span class='ocrx_word' id='word_1_117' title='bbox 1521 1070 1548 1123; x_wconf 93' lang='lat' dir='ltr'><strong>in</strong></span> <span class='ocrx_word' id='word_1_118' title='bbox 1565 1085 1658 1140; x_wconf 85' lang='lat' dir='ltr'><strong>opere,</strong></span> <span class='ocrx_word' id='word_1_119' title='bbox 1670 1071 1712 1125; x_wconf 90' lang='lat' dir='ltr'><strong>cui</strong></span> <span class='ocrx_word' id='word_1_120' title='bbox 1734 1079 1776 1127; x_wconf 88' lang='lat' dir='ltr'><strong>est</strong></span> 
     </span>
     <span class='ocr_line' id='line_1_10' title="bbox 131 1153 1720 1227; baseline 0.004 -20"><span class='ocrx_word' id='word_1_121' title='bbox 131 1164 281 1227; x_wconf 75' lang='lat' dir='ltr'><strong>precatur.</strong></span> <span class='ocrx_word' id='word_1_122' title='bbox 300 1153 425 1224; x_wconf 78' lang='lat' dir='ltr'><strong>Subi-ipit</strong></span> <span class='ocrx_word' id='word_1_123' title='bbox 438 1155 510 1208; x_wconf 86' lang='lat' dir='ltr'><strong>eninr</strong></span> <span class='ocrx_word' id='word_1_124' title='bbox 530 1153 687 1225; x_wconf 80' lang='lat' dir='ltr'><strong>frequentor</strong></span> <span class='ocrx_word' id='word_1_125' title='bbox 701 1155 787 1210; x_wconf 87' lang='lat' dir='ltr'><strong>bostis</strong></span> <span class='ocrx_word' id='word_1_126' title='bbox 801 1163 828 1210; x_wconf 89' lang='lat' dir='ltr'><strong>ct</strong></span> <span class='ocrx_word' id='word_1_127' title='bbox 848 1155 936 1209; x_wconf 85' lang='lat' dir='ltr'><strong>sulrti-</strong></span> <span class='ocrx_word' id='word_1_128' title='bbox 983 1153 1068 1224; x_wconf 88' lang='lat' dir='ltr'><strong>gloria</strong></span> <span class='ocrx_word' id='word_1_129' title='bbox 1083 1164 1111 1210; x_wconf 91' lang='lat' dir='ltr'><strong>et</strong></span> <span class='ocrx_word' id='word_1_130' title='bbox 1126 1156 1268 1225; x_wconf 91' lang='lat' dir='ltr'><strong>imperium</strong></span> <span class='ocrx_word' id='word_1_131' title='bbox 1281 1157 1308 1210; x_wconf 92' lang='lat' dir='ltr'><strong>in</strong></span> <span class='ocrx_word' id='word_1_132' title='bbox 1324 1157 1424 1212; x_wconf 80' lang='lat' dir='ltr'><strong>smeula</strong></span> <span class='ocrx_word' id='word_1_133' title='bbox 1438 1159 1609 1214; x_wconf 78' lang='lat' dir='ltr'><strong>soeeulorum.</strong></span> <span class='ocrx_word' id='word_1_134' title='bbox 1623 1157 1720 1214; x_wconf 77' lang='lat' dir='ltr'><strong>Amen.</strong></span> 
     </span>
     <span class='ocr_line' id='line_1_11' title="bbox 143 1244 933 1315; baseline -0.005 -13"><span class='ocrx_word' id='word_1_135' title='bbox 143 1245 208 1302; x_wconf 74' lang='lat' dir='ltr'><strong>liter</strong></span> <span class='ocrx_word' id='word_1_136' title='bbox 221 1245 320 1301; x_wconf 87' lang='lat' dir='ltr'><strong>lallens</strong></span> <span class='ocrx_word' id='word_1_137' title='bbox 340 1259 437 1315; x_wconf 81' lang='lat' dir='ltr'><strong>preces</strong></span> <span class='ocrx_word' id='word_1_138' title='bbox 455 1253 593 1299; x_wconf 75' lang='lat' dir='ltr'><strong>nostiusa</strong></span> <span class='ocrx_word' id='word_1_139' title='bbox 615 1244 672 1299; x_wconf 89' lang='lat' dir='ltr'><strong>Deo</strong></span> <span class='ocrx_word' id='word_1_140' title='bbox 691 1253 801 1310; x_wconf 85' lang='lat' dir='ltr'><strong>avocat,</strong></span> <span class='ocrx_word' id='word_1_141' title='bbox 820 1254 850 1298; x_wconf 93' lang='lat' dir='ltr'><strong>ut</strong></span> <span class='ocrx_word' id='word_1_142' title='bbox 862 1244 933 1298; x_wconf 89' lang='lat' dir='ltr'><strong>aliud</strong></span> 
     </span>
     <span class='ocr_line' id='line_1_12' title="bbox 126 1335 934 1405; baseline -0.005 -12"><span class='ocrx_word' id='word_1_143' title='bbox 126 1370 130 1375; x_wconf 96' lang='lat'>-</span> <span class='ocrx_word' id='word_1_144' title='bbox 143 1336 293 1393; x_wconf 83' lang='lat' dir='ltr'><strong>babeamus</strong></span> <span class='ocrx_word' id='word_1_145' title='bbox 303 1337 331 1391; x_wconf 93' lang='lat' dir='ltr'><strong>in</strong></span> <span class='ocrx_word' id='word_1_146' title='bbox 342 1337 434 1401; x_wconf 88' lang='lat' dir='ltr'><strong>corde,</strong></span> <span class='ocrx_word' id='word_1_147' title='bbox 445 1345 473 1391; x_wconf 90' lang='lat' dir='ltr'><strong>et</strong></span> <span class='ocrx_word' id='word_1_148' title='bbox 482 1336 554 1390; x_wconf 90' lang='lat' dir='ltr'><strong>aliud</strong></span> <span class='ocrx_word' id='word_1_149' title='bbox 566 1335 735 1405; x_wconf 80' lang='lat' dir='ltr'><strong>proteramus</strong></span> <span class='ocrx_word' id='word_1_150' title='bbox 747 1336 772 1390; x_wconf 90' lang='lat' dir='ltr'><strong>in</strong></span> <span class='ocrx_word' id='word_1_151' title='bbox 784 1352 859 1391; x_wconf 83' lang='lat' dir='ltr'><strong>roeo.</strong></span> <span class='ocrx_word' id='word_1_152' title='bbox 867 1335 934 1391; x_wconf 88' lang='lat' dir='ltr'><strong>Cum</strong></span> 
     </span>
     <span class='ocr_line' id='line_1_13' title="bbox 142 1414 1776 1492; baseline 0.009 -27"><span class='ocrx_word' id='word_1_153' title='bbox 142 1428 295 1485; x_wconf 55' lang='lat' dir='ltr'><strong>mamone</strong></span> <span class='ocrx_word' id='word_1_154' title='bbox 308 1429 414 1483; x_wconf 60' lang='lat' dir='ltr'><strong>sincera</strong></span> <span class='ocrx_word' id='word_1_155' title='bbox 430 1428 513 1483; x_wconf 53' lang='lat' dir='ltr'><strong>Deum</strong></span> <span class='ocrx_word' id='word_1_156' title='bbox 523 1428 621 1482; x_wconf 55' lang='lat' dir='ltr'><strong>debeat</strong></span> <span class='ocrx_word' id='word_1_157' title='bbox 632 1442 685 1481; x_wconf 76' lang='lat' dir='ltr'><strong>non</strong></span> <span class='ocrx_word' id='word_1_158' title='bbox 697 1427 785 1484; x_wconf 67' lang='lat' dir='ltr'><strong>solum</strong></span> <span class='ocrx_word' id='word_1_159' title='bbox 794 1429 934 1492; x_wconf 49' lang='lat' dir='ltr'><strong>vocis&#39;gffl</strong></span> <span class='ocrx_word' id='word_1_160' title='bbox 1021 1433 1030 1465; x_wconf 82' lang='lat' dir='ltr'><strong>i</strong></span> <span class='ocrx_word' id='word_1_161' title='bbox 1050 1414 1110 1469; x_wconf 75' lang='lat' dir='ltr'><strong>Silii</strong></span> <span class='ocrx_word' id='word_1_162' title='bbox 1123 1415 1208 1471; x_wconf 81' lang='lat' dir='ltr'><strong>iiiiiiiii</strong></span> <span class='ocrx_word' id='word_1_163' title='bbox 1223 1418 1305 1471; x_wconf 62' lang='lat' dir='ltr'><strong>VDSii&#39;i</strong></span> <span class='ocrx_word' id='word_1_164' title='bbox 1318 1418 1468 1486; x_wconf 71' lang='lat' dir='ltr'><strong>plaecincii,</strong></span> <span class='ocrx_word' id='word_1_165' title='bbox 1479 1427 1508 1473; x_wconf 60' lang='lat' dir='ltr'><strong>(ii</strong></span> <span class='ocrx_word' id='word_1_166' title='bbox 1520 1418 1638 1475; x_wconf 66' lang='lat' dir='ltr'><strong>iiicemoe</strong></span> <span class='ocrx_word' id='word_1_167' title='bbox 1650 1422 1776 1480; x_wconf 57' lang='lat' dir='ltr'><strong>ardentes</strong></span> 
     </span>
     <span class='ocr_line' id='line_1_14' title="bbox 143 1506 1777 1575; baseline 0.01 -18"><span class='ocrx_word' id='word_1_168' title='bbox 143 1519 230 1575; x_wconf 63' lang='lat' dir='ltr'><strong>„pmq</strong></span> <span class='ocrx_word' id='word_1_169' title='bbox 243 1533 340 1574; x_wconf 57' lang='lat' dir='ltr'><strong>gemus</strong></span> <span class='ocrx_word' id='word_1_170' title='bbox 354 1533 443 1572; x_wconf 62' lang='lat' dir='ltr'><strong>ome,</strong></span> <span class='ocrx_word' id='word_1_171' title='bbox 987 1523 997 1556; x_wconf 87' lang='lat' dir='ltr'><strong>r</strong></span> <span class='ocrx_word' id='word_1_172' title='bbox 1013 1506 1040 1559; x_wconf 92' lang='lat' dir='ltr'><strong>in</strong></span> <span class='ocrx_word' id='word_1_173' title='bbox 1057 1508 1182 1563; x_wconf 89' lang='lat' dir='ltr'><strong>manibus</strong></span> <span class='ocrx_word' id='word_1_174' title='bbox 1192 1510 1299 1564; x_wconf 79' lang='lat' dir='ltr'><strong>restris.</strong></span> <span class='ocrx_word' id='word_1_175' title='bbox 1318 1510 1352 1563; x_wconf 87' lang='lat' dir='ltr'><strong>Et</strong></span> <span class='ocrx_word' id='word_1_176' title='bbox 1367 1525 1415 1564; x_wconf 84' lang='lat' dir='ltr'><strong>ros</strong></span> <span class='ocrx_word' id='word_1_177' title='bbox 1435 1511 1538 1566; x_wconf 89' lang='lat' dir='ltr'><strong>similes</strong></span> <span class='ocrx_word' id='word_1_178' title='bbox 1552 1512 1706 1570; x_wconf 90' lang='lat' dir='ltr'><strong>bominibus</strong></span> <span class='ocrx_word' id='word_1_179' title='bbox 1728 1532 1777 1573; x_wconf 83' lang='lat' dir='ltr'><strong>ex-</strong></span> 
     </span>
     <span class='ocr_line' id='line_1_15' title="bbox 180 1598 1776 1672; baseline 0.007 -24"><span class='ocrx_word' id='word_1_180' title='bbox 180 1610 247 1665; x_wconf 60' lang='lat' dir='ltr'><strong>qm</strong></span> <span class='ocrx_word' id='word_1_181' title='bbox 260 1609 349 1664; x_wconf 59' lang='lat' dir='ltr'><strong>mnu,</strong></span> <span class='ocrx_word' id='word_1_182' title='bbox 363 1617 483 1662; x_wconf 61' lang='lat' dir='ltr'><strong>mquam</strong></span> <span class='ocrx_word' id='word_1_183' title='bbox 501 1608 529 1663; x_wconf 70' lang='lat' dir='ltr'><strong>p„</strong></span> <span class='ocrx_word' id='word_1_184' title='bbox 540 1608 620 1672; x_wconf 57' lang='lat' dir='ltr'><strong>popu,</strong></span> <span class='ocrx_word' id='word_1_185' title='bbox 631 1614 684 1662; x_wconf 59' lang='lat' dir='ltr'><strong>guo,</strong></span> <span class='ocrx_word' id='word_1_186' title='bbox 700 1606 772 1660; x_wconf 60' lang='lat' dir='ltr'><strong>uene</strong></span> <span class='ocrx_word' id='word_1_187' title='bbox 784 1605 859 1659; x_wconf 62' lang='lat' dir='ltr'><strong>uuuu</strong></span> <span class='ocrx_word' id='word_1_188' title='bbox 872 1621 935 1661; x_wconf 89' lang='lat' dir='ltr'><strong>eon·</strong></span> <span class='ocrx_word' id='word_1_189' title='bbox 987 1612 997 1646; x_wconf 88' lang='lat' dir='ltr'><strong>r</strong></span> <span class='ocrx_word' id='word_1_190' title='bbox 1018 1598 1204 1664; x_wconf 79' lang='lat' dir='ltr'><strong>spectantibus</strong></span> <span class='ocrx_word' id='word_1_191' title='bbox 1217 1598 1360 1654; x_wconf 91' lang='lat' dir='ltr'><strong>Dominum</strong></span> <span class='ocrx_word' id='word_1_192' title='bbox 1375 1615 1464 1665; x_wconf 91' lang='lat' dir='ltr'><strong>suum,</strong></span> <span class='ocrx_word' id='word_1_193' title='bbox 1476 1602 1584 1671; x_wconf 90' lang='lat' dir='ltr'><strong>quando</strong></span> <span class='ocrx_word' id='word_1_194' title='bbox 1598 1614 1776 1661; x_wconf 82' lang='lat' dir='ltr'><strong>rerertrtnra</strong></span> 
     </span>
     <span class='ocr_line' id='line_1_16' title="bbox 143 1690 1774 1769; baseline 0.007 -28"><span class='ocrx_word' id='word_1_195' title='bbox 143 1698 932 1769; x_wconf 51' lang='lat' dir='ltr'><strong>unumque,semperdiligemuuumus‚sempuruuuuu</strong></span> <span class='ocrx_word' id='word_1_196' title='bbox 986 1707 996 1740; x_wconf 86' lang='lat' dir='ltr'><strong>r</strong></span> <span class='ocrx_word' id='word_1_197' title='bbox 1019 1690 1130 1758; x_wconf 88' lang='lat' dir='ltr'><strong>nuptiis,</strong></span> <span class='ocrx_word' id='word_1_198' title='bbox 1145 1700 1176 1745; x_wconf 91' lang='lat' dir='ltr'><strong>ut</strong></span> <span class='ocrx_word' id='word_1_199' title='bbox 1189 1706 1250 1746; x_wconf 89' lang='lat' dir='ltr'><strong>curn</strong></span> <span class='ocrx_word' id='word_1_200' title='bbox 1274 1693 1380 1748; x_wconf 78' lang='lat' dir='ltr'><strong>uenerit</strong></span> <span class='ocrx_word' id='word_1_201' title='bbox 1404 1701 1432 1747; x_wconf 95' lang='lat' dir='ltr'><strong>et</strong></span> <span class='ocrx_word' id='word_1_202' title='bbox 1457 1693 1607 1762; x_wconf 82' lang='lat' dir='ltr'><strong>pulsaverit</strong></span> <span class='ocrx_word' id='word_1_203' title='bbox 1631 1696 1774 1753; x_wconf 86' lang='lat' dir='ltr'><strong>eoniestim</strong></span> 
     </span>
     <span class='ocr_line' id='line_1_17' title="bbox 142 1771 1776 1862; baseline -0.001 -18"><span class='ocrx_word' id='word_1_204' title='bbox 142 1789 258 1862; x_wconf 68' lang='lat' dir='ltr'><strong>vigilare</strong></span> <span class='ocrx_word' id='word_1_205' title='bbox 267 1789 294 1843; x_wconf 93' lang='lat' dir='ltr'><strong>in</strong></span> <span class='ocrx_word' id='word_1_206' title='bbox 307 1788 477 1843; x_wconf 88' lang='lat' dir='ltr'><strong>orationibus</strong></span> <span class='ocrx_word' id='word_1_207' title='bbox 486 1786 632 1858; x_wconf 77' lang='lat' dir='ltr'><strong>fragilitate</strong></span> <span class='ocrx_word' id='word_1_208' title='bbox 645 1786 735 1842; x_wconf 89' lang='lat' dir='ltr'><strong>earnis</strong></span> <span class='ocrx_word' id='word_1_209' title='bbox 747 1786 872 1840; x_wconf 88' lang='lat' dir='ltr'><strong>obstante</strong></span> <span class='ocrx_word' id='word_1_210' title='bbox 887 1771 971 1839; x_wconf 54' lang='grc' dir='ltr'><strong>ηεξ-Β</strong></span> <span class='ocrx_word' id='word_1_211' title='bbox 987 1798 997 1830; x_wconf 77' lang='lat' dir='ltr'><strong>r</strong></span> <span class='ocrx_word' id='word_1_212' title='bbox 1015 1781 1139 1850; x_wconf 87' lang='lat' dir='ltr'><strong>aperiant</strong></span> <span class='ocrx_word' id='word_1_213' title='bbox 1151 1781 1187 1837; x_wconf 89' lang='lat' dir='ltr'><strong>ei.</strong></span> <span class='ocrx_word' id='word_1_214' title='bbox 1203 1781 1279 1837; x_wconf 85' lang='lat' dir='ltr'><strong>Beati</strong></span> <span class='ocrx_word' id='word_1_215' title='bbox 1295 1783 1366 1837; x_wconf 83' lang='lat' dir='ltr'><strong>servi</strong></span> <span class='ocrx_word' id='word_1_216' title='bbox 1385 1784 1433 1847; x_wconf 89' lang='lat' dir='ltr'><strong>illi,</strong></span> <span class='ocrx_word' id='word_1_217' title='bbox 1444 1800 1512 1853; x_wconf 93' lang='lat' dir='ltr'><strong>quos</strong></span> <span class='ocrx_word' id='word_1_218' title='bbox 1531 1788 1709 1842; x_wconf 80' lang='lat' dir='ltr'><strong>cumvenerit</strong></span> <span class='ocrx_word' id='word_1_219' title='bbox 1725 1789 1776 1842; x_wconf 90' lang='lat' dir='ltr'><strong>Do·</strong></span> 
     </span>
     <span class='ocr_line' id='line_1_18' title="bbox 126 1872 1775 1952; baseline -0.001 -17"><span class='ocrx_word' id='word_1_220' title='bbox 126 1880 263 1952; x_wconf 54' lang='lat' dir='ltr'><strong>quimus,</strong></span> <span class='ocrx_word' id='word_1_221' title='bbox 280 1879 337 1950; x_wconf 91' lang='lat' dir='ltr'><strong>ipsa</strong></span> <span class='ocrx_word' id='word_1_222' title='bbox 348 1888 438 1933; x_wconf 89' lang='lat' dir='ltr'><strong>autem</strong></span> <span class='ocrx_word' id='word_1_223' title='bbox 452 1879 572 1933; x_wconf 88' lang='lat' dir='ltr'><strong>ebaritas</strong></span> <span class='ocrx_word' id='word_1_224' title='bbox 584 1877 661 1946; x_wconf 76' lang='lat' dir='ltr'><strong>cuijus</strong></span> <span class='ocrx_word' id='word_1_225' title='bbox 674 1878 802 1932; x_wconf 88' lang='lat' dir='ltr'><strong>instinctu</strong></span> <span class='ocrx_word' id='word_1_226' title='bbox 816 1878 874 1932; x_wconf 80' lang='lat' dir='ltr'><strong>baee</strong></span> <span class='ocrx_word' id='word_1_227' title='bbox 892 1876 933 1930; x_wconf 90' lang='lat' dir='ltr'><strong>io-</strong></span> <span class='ocrx_word' id='word_1_228' title='bbox 987 1888 997 1923; x_wconf 85' lang='lat' dir='ltr'><strong>r</strong></span> <span class='ocrx_word' id='word_1_229' title='bbox 1017 1872 1107 1927; x_wconf 90' lang='lat' dir='ltr'><strong>minus</strong></span> <span class='ocrx_word' id='word_1_230' title='bbox 1125 1873 1260 1929; x_wconf 78' lang='lat' dir='ltr'><strong>invenerit</strong></span> <span class='ocrx_word' id='word_1_231' title='bbox 1272 1873 1424 1943; x_wconf 81' lang='lat' dir='ltr'><strong>uigilantes.</strong></span> <span class='ocrx_word' id='word_1_232' title='bbox 1434 1874 1520 1929; x_wconf 83' lang='lat' dir='ltr'><strong>amen</strong></span> <span class='ocrx_word' id='word_1_233' title='bbox 1532 1876 1593 1930; x_wconf 81' lang='lat' dir='ltr'><strong>‹lieo</strong></span> <span class='ocrx_word' id='word_1_234' title='bbox 1602 1878 1691 1944; x_wconf 80' lang='lat' dir='ltr'><strong>robis,</strong></span> <span class='ocrx_word' id='word_1_235' title='bbox 1703 1879 1775 1948; x_wconf 85' lang='lat' dir='ltr'><strong>quoti</strong></span> 
     </span>
     <span class='ocr_line' id='line_1_19' title="bbox 142 1961 1772 2041; baseline 0.006 -27"><span class='ocrx_word' id='word_1_236' title='bbox 142 1984 192 2027; x_wconf 72' lang='lat' dir='ltr'><strong>m</strong></span> <span class='ocrx_word' id='word_1_237' title='bbox 214 1979 343 2041; x_wconf 49' lang='lat' dir='ltr'><strong>sgnum,</strong></span> <span class='ocrx_word' id='word_1_238' title='bbox 369 1985 431 2040; x_wconf 61' lang='grc' dir='ltr'><strong>φη</strong></span> <span class='ocrx_word' id='word_1_239' title='bbox 457 1970 485 2024; x_wconf 74' lang='lat' dir='ltr'><strong>iu</strong></span> <span class='ocrx_word' id='word_1_240' title='bbox 505 1969 629 2024; x_wconf 61' lang='lat' dir='ltr'><strong>inrupturi</strong></span> <span class='ocrx_word' id='word_1_241' title='bbox 654 1969 765 2024; x_wconf 73' lang='lat' dir='ltr'><strong>uuuuuu</strong></span> <span class='ocrx_word' id='word_1_242' title='bbox 789 1967 932 2038; x_wconf 60' lang='lat' dir='ltr'><strong>gru-usuum,</strong></span> <span class='ocrx_word' id='word_1_243' title='bbox 986 1977 996 2011; x_wconf 83' lang='lat' dir='ltr'><strong>r</strong></span> <span class='ocrx_word' id='word_1_244' title='bbox 1014 1963 1158 2033; x_wconf 86' lang='lat' dir='ltr'><strong>praecinget</strong></span> <span class='ocrx_word' id='word_1_245' title='bbox 1176 1977 1216 2029; x_wconf 89' lang='lat' dir='ltr'><strong>se,</strong></span> <span class='ocrx_word' id='word_1_246' title='bbox 1227 1972 1255 2017; x_wconf 91' lang='lat' dir='ltr'><strong>ct</strong></span> <span class='ocrx_word' id='word_1_247' title='bbox 1269 1961 1351 2018; x_wconf 82' lang='lat' dir='ltr'><strong>saciet</strong></span> <span class='ocrx_word' id='word_1_248' title='bbox 1373 1963 1434 2019; x_wconf 89' lang='lat' dir='ltr'><strong>illos</strong></span> <span class='ocrx_word' id='word_1_249' title='bbox 1444 1963 1626 2031; x_wconf 85' lang='lat' dir='ltr'><strong>discumbere,</strong></span> <span class='ocrx_word' id='word_1_250' title='bbox 1637 1975 1664 2021; x_wconf 93' lang='lat' dir='ltr'><strong>ct</strong></span> <span class='ocrx_word' id='word_1_251' title='bbox 1682 1975 1772 2023; x_wconf 89' lang='lat' dir='ltr'><strong>trans-</strong></span> 
     </span>
     <span class='ocr_line' id='line_1_20' title="bbox 142 2052 1775 2133; baseline -0.001 -18"><span class='ocrx_word' id='word_1_252' title='bbox 142 2072 253 2133; x_wconf 62' lang='grc' dir='ltr'><strong><em>κυροῖ</em></strong></span> <span class='ocrx_word' id='word_1_253' title='bbox 265 2061 365 2116; x_wconf 80' lang='lat' dir='ltr'><strong>ibidem</strong></span> <span class='ocrx_word' id='word_1_254' title='bbox 378 2059 471 2115; x_wconf 89' lang='lat' dir='ltr'><strong>baberi</strong></span> <span class='ocrx_word' id='word_1_255' title='bbox 493 2068 590 2128; x_wconf 86' lang='lat' dir='ltr'><strong>potest,</strong></span> <span class='ocrx_word' id='word_1_256' title='bbox 602 2059 727 2130; x_wconf 77' lang='lat' dir='ltr'><strong>quamvis</strong></span> <span class='ocrx_word' id='word_1_257' title='bbox 746 2059 774 2113; x_wconf 92' lang='lat' dir='ltr'><strong>in</strong></span> <span class='ocrx_word' id='word_1_258' title='bbox 795 2058 933 2129; x_wconf 92' lang='lat' dir='ltr'><strong>publicum</strong></span> <span class='ocrx_word' id='word_1_259' title='bbox 985 2069 997 2102; x_wconf 80' lang='lat' dir='ltr'><strong>t</strong></span> <span class='ocrx_word' id='word_1_260' title='bbox 1013 2052 1073 2108; x_wconf 87' lang='lat' dir='ltr'><strong>iens</strong></span> <span class='ocrx_word' id='word_1_261' title='bbox 1092 2053 1257 2108; x_wconf 88' lang='lat' dir='ltr'><strong>ministrabit</strong></span> <span class='ocrx_word' id='word_1_262' title='bbox 1279 2053 1342 2109; x_wconf 91' lang='lat' dir='ltr'><strong>illis.</strong></span> <span class='ocrx_word' id='word_1_263' title='bbox 1357 2055 1392 2110; x_wconf 85' lang='lat' dir='ltr'><strong>Et</strong></span> <span class='ocrx_word' id='word_1_264' title='bbox 1405 2055 1428 2111; x_wconf 91' lang='lat' dir='ltr'><strong>si</strong></span> <span class='ocrx_word' id='word_1_265' title='bbox 1441 2056 1547 2111; x_wconf 84' lang='lat' dir='ltr'><strong>uenerit</strong></span> <span class='ocrx_word' id='word_1_266' title='bbox 1560 2056 1588 2111; x_wconf 94' lang='lat' dir='ltr'><strong>in</strong></span> <span class='ocrx_word' id='word_1_267' title='bbox 1602 2059 1721 2113; x_wconf 87' lang='lat' dir='ltr'><strong>secunda</strong></span> <span class='ocrx_word' id='word_1_268' title='bbox 1734 2058 1775 2113; x_wconf 83' lang='lat' dir='ltr'><strong>ri·</strong></span> 
     </span>
     <span class='ocr_line' id='line_1_21' title="bbox 131 2143 1773 2219; baseline -0.001 -17"><span class='ocrx_word' id='word_1_269' title='bbox 131 2158 199 2208; x_wconf 62' lang='lat' dir='ltr'><strong>mn</strong></span> <span class='ocrx_word' id='word_1_270' title='bbox 211 2164 321 2219; x_wconf 82' lang='lat' dir='ltr'><strong>sempor</strong></span> <span class='ocrx_word' id='word_1_271' title='bbox 332 2149 439 2206; x_wconf 89' lang='lat' dir='ltr'><strong>ostendi</strong></span> <span class='ocrx_word' id='word_1_272' title='bbox 455 2157 557 2218; x_wconf 86' lang='lat' dir='ltr'><strong>potest.</strong></span> <span class='ocrx_word' id='word_1_273' title='bbox 986 2161 996 2194; x_wconf 87' lang='lat' dir='ltr'><strong>r</strong></span> <span class='ocrx_word' id='word_1_274' title='bbox 1018 2143 1092 2213; x_wconf 91' lang='lat' dir='ltr'><strong>gilia,</strong></span> <span class='ocrx_word' id='word_1_275' title='bbox 1106 2152 1133 2197; x_wconf 90' lang='lat' dir='ltr'><strong>et</strong></span> <span class='ocrx_word' id='word_1_276' title='bbox 1145 2143 1169 2199; x_wconf 92' lang='lat' dir='ltr'><strong>si</strong></span> <span class='ocrx_word' id='word_1_277' title='bbox 1181 2144 1209 2198; x_wconf 91' lang='lat' dir='ltr'><strong>iu</strong></span> <span class='ocrx_word' id='word_1_278' title='bbox 1222 2144 1301 2199; x_wconf 88' lang='lat' dir='ltr'><strong>tertia</strong></span> <span class='ocrx_word' id='word_1_279' title='bbox 1312 2143 1402 2215; x_wconf 80' lang='lat' dir='ltr'><strong>vigilia</strong></span> <span class='ocrx_word' id='word_1_280' title='bbox 1413 2145 1528 2212; x_wconf 84' lang='lat' dir='ltr'><strong>venerit,</strong></span> <span class='ocrx_word' id='word_1_281' title='bbox 1540 2154 1568 2200; x_wconf 88' lang='lat' dir='ltr'><strong>et</strong></span> <span class='ocrx_word' id='word_1_282' title='bbox 1582 2146 1619 2201; x_wconf 86' lang='lat' dir='ltr'><strong>ita</strong></span> <span class='ocrx_word' id='word_1_283' title='bbox 1632 2146 1773 2212; x_wconf 76' lang='lat' dir='ltr'><strong>inuenerit,</strong></span> 
     </span>
     <span class='ocr_line' id='line_1_22' title="bbox 177 2232 1774 2313; baseline 0.004 -27"><span class='ocrx_word' id='word_1_284' title='bbox 177 2239 209 2297; x_wconf 70' lang='lat' dir='ltr'><strong>ss</strong></span> <span class='ocrx_word' id='word_1_285' title='bbox 225 2237 283 2313; x_wconf 60' lang='lat' dir='ltr'><strong>quau</strong></span> <span class='ocrx_word' id='word_1_286' title='bbox 297 2241 424 2312; x_wconf 71' lang='lat' dir='ltr'><strong>loquum,</strong></span> <span class='ocrx_word' id='word_1_287' title='bbox 439 2249 493 2296; x_wconf 73' lang='lat' dir='ltr'><strong>uu,</strong></span> <span class='ocrx_word' id='word_1_288' title='bbox 512 2240 622 2295; x_wconf 69' lang='lat' dir='ltr'><strong>Tumens</strong></span> <span class='ocrx_word' id='word_1_289' title='bbox 636 2239 772 2302; x_wconf 69' lang='lat' dir='ltr'><strong>videlicut,</strong></span> <span class='ocrx_word' id='word_1_290' title='bbox 787 2253 822 2293; x_wconf 74' lang='lat' dir='ltr'><strong>uu</strong></span> <span class='ocrx_word' id='word_1_291' title='bbox 836 2248 934 2310; x_wconf 72' lang='lat' dir='ltr'><strong>puaeuu·</strong></span> <span class='ocrx_word' id='word_1_292' title='bbox 986 2251 996 2284; x_wconf 87' lang='lat' dir='ltr'><strong>r</strong></span> <span class='ocrx_word' id='word_1_293' title='bbox 1014 2232 1087 2288; x_wconf 88' lang='lat' dir='ltr'><strong>beati</strong></span> <span class='ocrx_word' id='word_1_294' title='bbox 1105 2241 1169 2287; x_wconf 88' lang='lat' dir='ltr'><strong>sunt</strong></span> <span class='ocrx_word' id='word_1_295' title='bbox 1191 2235 1263 2288; x_wconf 81' lang='lat' dir='ltr'><strong>serui</strong></span> <span class='ocrx_word' id='word_1_296' title='bbox 1279 2233 1327 2289; x_wconf 94' lang='lat' dir='ltr'><strong>illi.</strong></span> <span class='ocrx_word' id='word_1_297' title='bbox 1341 2233 1398 2290; x_wconf 91' lang='lat' dir='ltr'><strong>iloc</strong></span> <span class='ocrx_word' id='word_1_298' title='bbox 1410 2243 1501 2289; x_wconf 90' lang='lat' dir='ltr'><strong>autem</strong></span> <span class='ocrx_word' id='word_1_299' title='bbox 1524 2235 1633 2301; x_wconf 88' lang='lat' dir='ltr'><strong>scitote,</strong></span> <span class='ocrx_word' id='word_1_300' title='bbox 1645 2237 1774 2306; x_wconf 90' lang='lat' dir='ltr'><strong>quoniam</strong></span> 
     </span>
     <span class='ocr_line' id='line_1_23' title="bbox 141 2320 1773 2399; baseline 0.002 -11"><span class='ocrx_word' id='word_1_301' title='bbox 141 2329 310 2388; x_wconf 75' lang='lat' dir='ltr'><strong>rolonutem</strong></span> <span class='ocrx_word' id='word_1_302' title='bbox 324 2328 372 2384; x_wconf 89' lang='lat' dir='ltr'><strong>Dei</strong></span> <span class='ocrx_word' id='word_1_303' title='bbox 383 2329 425 2383; x_wconf 82' lang='lat' dir='ltr'><strong>uel</strong></span> <span class='ocrx_word' id='word_1_304' title='bbox 438 2337 536 2398; x_wconf 73' lang='lat' dir='ltr'><strong>praeter</strong></span> <span class='ocrx_word' id='word_1_305' title='bbox 549 2329 621 2399; x_wconf 83' lang='lat' dir='ltr'><strong>quoti</strong></span> <span class='ocrx_word' id='word_1_306' title='bbox 635 2330 663 2383; x_wconf 93' lang='lat' dir='ltr'><strong>in</strong></span> <span class='ocrx_word' id='word_1_307' title='bbox 675 2328 933 2398; x_wconf 84' lang='lat' dir='ltr'><strong>sanetisScripturis</strong></span> <span class='ocrx_word' id='word_1_308' title='bbox 985 2340 996 2374; x_wconf 75' lang='lat' dir='ltr'><strong>t</strong></span> <span class='ocrx_word' id='word_1_309' title='bbox 1019 2321 1041 2377; x_wconf 75' lang='lat' dir='ltr'><strong>si</strong></span> <span class='ocrx_word' id='word_1_310' title='bbox 1056 2322 1138 2377; x_wconf 70' lang='lat' dir='ltr'><strong>sciret</strong></span> <span class='ocrx_word' id='word_1_311' title='bbox 1154 2320 1359 2393; x_wconf 65' lang='lat' dir='ltr'><strong>palerilmiiitst</strong></span> <span class='ocrx_word' id='word_1_312' title='bbox 1373 2339 1426 2394; x_wconf 69' lang='lat'>(1¹¹³</span> <span class='ocrx_word' id='word_1_313' title='bbox 1441 2325 1508 2379; x_wconf 71' lang='lat' dir='ltr'><strong>hora</strong></span> <span class='ocrx_word' id='word_1_314' title='bbox 1530 2323 1573 2378; x_wconf 68' lang='lat' dir='ltr'><strong>sssf</strong></span> <span class='ocrx_word' id='word_1_315' title='bbox 1598 2326 1714 2391; x_wconf 65' lang='lat' dir='ltr'><strong>i&#39;essilssi,</strong></span> <span class='ocrx_word' id='word_1_316' title='bbox 1732 2326 1773 2380; x_wconf 75' lang='lat' dir='ltr'><strong>l&#39;i·</strong></span> 
     </span>
     <span class='ocr_line' id='line_1_24' title="bbox 141 2412 1772 2491; baseline -0.004 -16"><span class='ocrx_word' id='word_1_317' title='bbox 141 2421 283 2479; x_wconf 69' lang='lat' dir='ltr'><strong>ambienter</strong></span> <span class='ocrx_word' id='word_1_318' title='bbox 294 2419 456 2491; x_wconf 70' lang='lat' dir='ltr'><strong>precipitur,</strong></span> <span class='ocrx_word' id='word_1_319' title='bbox 471 2419 513 2474; x_wconf 84' lang='lat' dir='ltr'><strong>rel</strong></span> <span class='ocrx_word' id='word_1_320' title='bbox 529 2420 601 2474; x_wconf 88' lang='lat' dir='ltr'><strong>dieat</strong></span> <span class='ocrx_word' id='word_1_321' title='bbox 617 2419 719 2488; x_wconf 87' lang='lat' dir='ltr'><strong>aliquid</strong></span> <span class='ocrx_word' id='word_1_322' title='bbox 738 2418 780 2473; x_wconf 84' lang='lat' dir='ltr'><strong>vel</strong></span> <span class='ocrx_word' id='word_1_323' title='bbox 806 2420 932 2488; x_wconf 87' lang='lat' dir='ltr'><strong>imperet,</strong></span> <span class='ocrx_word' id='word_1_324' title='bbox 986 2430 996 2465; x_wconf 85' lang='lat' dir='ltr'><strong>r</strong></span> <span class='ocrx_word' id='word_1_325' title='bbox 1017 2413 1115 2485; x_wconf 87' lang='lat' dir='ltr'><strong>gilarct</strong></span> <span class='ocrx_word' id='word_1_326' title='bbox 1125 2413 1227 2483; x_wconf 92' lang='lat' dir='ltr'><strong>utique,</strong></span> <span class='ocrx_word' id='word_1_327' title='bbox 1239 2424 1266 2469; x_wconf 91' lang='lat' dir='ltr'><strong>ct</strong></span> <span class='ocrx_word' id='word_1_328' title='bbox 1276 2430 1328 2469; x_wconf 93' lang='lat' dir='ltr'><strong>nou</strong></span> <span class='ocrx_word' id='word_1_329' title='bbox 1341 2412 1553 2484; x_wconf 86' lang='lat' dir='ltr'><strong>sineretperiodi</strong></span> <span class='ocrx_word' id='word_1_330' title='bbox 1566 2414 1674 2470; x_wconf 90' lang='lat' dir='ltr'><strong>domum</strong></span> <span class='ocrx_word' id='word_1_331' title='bbox 1685 2431 1772 2471; x_wconf 86' lang='lat' dir='ltr'><strong>suam.</strong></span> 
     </span>
     <span class='ocr_line' id='line_1_25' title="bbox 132 2504 1775 2577; baseline 0.001 -10"><span class='ocrx_word' id='word_1_332' title='bbox 132 2509 336 2567; x_wconf 71' lang='lat' dir='ltr'><strong>attumulatur</strong></span> <span class='ocrx_word' id='word_1_333' title='bbox 354 2517 482 2577; x_wconf 89' lang='lat' dir='ltr'><strong>tanquam</strong></span> <span class='ocrx_word' id='word_1_334' title='bbox 499 2506 583 2562; x_wconf 90' lang='lat' dir='ltr'><strong>ialsus</strong></span> <span class='ocrx_word' id='word_1_335' title='bbox 595 2508 674 2562; x_wconf 82' lang='lat' dir='ltr'><strong>testis</strong></span> <span class='ocrx_word' id='word_1_336' title='bbox 688 2507 737 2563; x_wconf 88' lang='lat' dir='ltr'><strong>Dei</strong></span> <span class='ocrx_word' id='word_1_337' title='bbox 759 2515 806 2562; x_wconf 91' lang='lat' dir='ltr'><strong>aut</strong></span> <span class='ocrx_word' id='word_1_338' title='bbox 827 2510 933 2564; x_wconf 74' lang='lat' dir='ltr'><strong>sacrile</strong></span> <span class='ocrx_word' id='word_1_339' title='bbox 985 2523 995 2555; x_wconf 76' lang='lat' dir='ltr'><strong>t</strong></span> <span class='ocrx_word' id='word_1_340' title='bbox 1017 2504 1051 2558; x_wconf 80' lang='grc' dir='ltr'><strong>Εῑ</strong></span> <span class='ocrx_word' id='word_1_341' title='bbox 1063 2520 1112 2559; x_wconf 71' lang='lat' dir='ltr'><strong>vot</strong></span> <span class='ocrx_word' id='word_1_342' title='bbox 1126 2512 1212 2559; x_wconf 66' lang='lat' dir='ltr'><strong>estoit*</strong></span> <span class='ocrx_word' id='word_1_343' title='bbox 1230 2505 1317 2576; x_wconf 65' lang='lat' dir='ltr'><strong>pallii</strong></span> <span class='ocrx_word' id='word_1_344' title='bbox 1328 2545 1335 2569; x_wconf 61' lang='lat' dir='ltr'><strong>r</strong></span> <span class='ocrx_word' id='word_1_345' title='bbox 1347 2505 1410 2574; x_wconf 92' lang='lat' dir='ltr'><strong>quia</strong></span> <span class='ocrx_word' id='word_1_346' title='bbox 1425 2521 1478 2575; x_wconf 76' lang='lat'>(1¹¹³</span> <span class='ocrx_word' id='word_1_347' title='bbox 1504 2505 1571 2560; x_wconf 90' lang='lat' dir='ltr'><strong>bora</strong></span> <span class='ocrx_word' id='word_1_348' title='bbox 1596 2522 1649 2561; x_wconf 77' lang='lat' dir='ltr'><strong>1¹⁰ss</strong></span> <span class='ocrx_word' id='word_1_349' title='bbox 1673 2505 1775 2576; x_wconf 91' lang='lat' dir='ltr'><strong>putatis</strong></span> 
     </span>
     <span class='ocr_line' id='line_1_26' title="bbox 127 2592 1355 2674; baseline -0.004 -20"><span class='ocrx_word' id='word_1_350' title='bbox 127 2613 205 2674; x_wconf 72' lang='grc' dir='ltr'><strong>ῑμ,</strong></span> <span class='ocrx_word' id='word_1_351' title='bbox 221 2599 264 2654; x_wconf 84' lang='lat' dir='ltr'><strong>rel</strong></span> <span class='ocrx_word' id='word_1_352' title='bbox 279 2599 455 2653; x_wconf 89' lang='lat' dir='ltr'><strong>introducens</strong></span> <span class='ocrx_word' id='word_1_353' title='bbox 466 2597 567 2667; x_wconf 87' lang='lat' dir='ltr'><strong>aliquid</strong></span> <span class='ocrx_word' id='word_1_354' title='bbox 577 2598 696 2653; x_wconf 89' lang='lat' dir='ltr'><strong>alienum</strong></span> <span class='ocrx_word' id='word_1_355' title='bbox 713 2613 728 2652; x_wconf 91' lang='lat' dir='ltr'><strong>a</strong></span> <span class='ocrx_word' id='word_1_356' title='bbox 743 2599 866 2653; x_wconf 89' lang='lat' dir='ltr'><strong>doctrina</strong></span> <span class='ocrx_word' id='word_1_357' title='bbox 881 2600 933 2655; x_wconf 81' lang='lat' dir='ltr'><strong>Do</strong></span> <span class='ocrx_word' id='word_1_358' title='bbox 985 2592 1085 2651; x_wconf 74' lang='lat' dir='ltr'><strong>«Filius</strong></span> <span class='ocrx_word' id='word_1_359' title='bbox 1097 2597 1214 2653; x_wconf 91' lang='lat' dir='ltr'><strong>bominis</strong></span> <span class='ocrx_word' id='word_1_360' title='bbox 1227 2596 1327 2651; x_wconf 84' lang='lat' dir='ltr'><strong>reniet.</strong></span> <span class='ocrx_word' id='word_1_361' title='bbox 1346 2616 1355 2649; x_wconf 78' lang='lat' dir='ltr'><strong>r</strong></span> 
     </span>
     <span class='ocr_line' id='line_1_27' title="bbox 141 2684 1774 2757; baseline 0.001 -12"><span class='ocrx_word' id='word_1_362' title='bbox 141 2690 222 2754; x_wconf 76' lang='lat' dir='ltr'><strong>nini,</strong></span> <span class='ocrx_word' id='word_1_363' title='bbox 234 2688 276 2743; x_wconf 83' lang='lat' dir='ltr'><strong>vel</strong></span> <span class='ocrx_word' id='word_1_364' title='bbox 286 2697 361 2744; x_wconf 88' lang='lat' dir='ltr'><strong>certe</strong></span> <span class='ocrx_word' id='word_1_365' title='bbox 374 2687 582 2756; x_wconf 82' lang='lat' dir='ltr'><strong>subrelinquens</strong></span> <span class='ocrx_word' id='word_1_366' title='bbox 602 2695 631 2741; x_wconf 90' lang='lat' dir='ltr'><strong>et</strong></span> <span class='ocrx_word' id='word_1_367' title='bbox 652 2687 811 2756; x_wconf 72' lang='lat' dir='ltr'><strong>preteriens</strong></span> <span class='ocrx_word' id='word_1_368' title='bbox 832 2686 932 2757; x_wconf 89' lang='lat' dir='ltr'><strong>aliquid</strong></span> <span class='ocrx_word' id='word_1_369' title='bbox 1017 2684 1076 2741; x_wconf 85' lang='lat' dir='ltr'><strong>Sint</strong></span> <span class='ocrx_word' id='word_1_370' title='bbox 1101 2685 1183 2740; x_wconf 85' lang='lat' dir='ltr'><strong>lamii</strong></span> <span class='ocrx_word' id='word_1_371' title='bbox 1203 2688 1280 2741; x_wconf 85' lang='lat' dir='ltr'><strong>uestri</strong></span> <span class='ocrx_word' id='word_1_372' title='bbox 1302 2688 1437 2757; x_wconf 80' lang='lat' dir='ltr'><strong>precincti</strong></span> <span class='ocrx_word' id='word_1_373' title='bbox 1461 2696 1486 2742; x_wconf 89' lang='lat' dir='ltr'><strong>et</strong></span> <span class='ocrx_word' id='word_1_374' title='bbox 1511 2687 1626 2743; x_wconf 79' lang='lat' dir='ltr'><strong>iocerne</strong></span> <span class='ocrx_word' id='word_1_375' title='bbox 1643 2689 1774 2746; x_wconf 82' lang='lat' dir='ltr'><strong>ardenter.</strong></span> 
     </span>
     <span class='ocr_line' id='line_1_28' title="bbox 127 2774 1775 2850; baseline 0.001 -15"><span class='ocrx_word' id='word_1_376' title='bbox 127 2795 238 2839; x_wconf 71' lang='lat' dir='ltr'><strong>sorum</strong></span> <span class='ocrx_word' id='word_1_377' title='bbox 248 2795 308 2850; x_wconf 81' lang='lat' dir='ltr'><strong>quae</strong></span> <span class='ocrx_word' id='word_1_378' title='bbox 318 2777 479 2847; x_wconf 86' lang='lat' dir='ltr'><strong>Deoplaeita</strong></span> <span class='ocrx_word' id='word_1_379' title='bbox 490 2785 632 2841; x_wconf 88' lang='lat' dir='ltr'><strong>sunt,cum</strong></span> <span class='ocrx_word' id='word_1_380' title='bbox 644 2776 701 2846; x_wconf 86' lang='lat' dir='ltr'><strong>ipse</strong></span> <span class='ocrx_word' id='word_1_381' title='bbox 713 2774 932 2832; x_wconf 85' lang='lat' dir='ltr'><strong>nraniiestissime</strong></span> <span class='ocrx_word' id='word_1_382' title='bbox 982 2777 1033 2850; x_wconf 78' lang='lat' dir='ltr'><strong>(lix</strong></span> <span class='ocrx_word' id='word_1_383' title='bbox 1048 2775 1144 2848; x_wconf 84' lang='lat' dir='ltr'><strong>Beda.)</strong></span> <span class='ocrx_word' id='word_1_384' title='bbox 1159 2777 1228 2845; x_wconf 79' lang='lat' dir='ltr'><strong>Quia</strong></span> <span class='ocrx_word' id='word_1_385' title='bbox 1247 2777 1346 2832; x_wconf 88' lang='lat' dir='ltr'><strong>multos</strong></span> <span class='ocrx_word' id='word_1_386' title='bbox 1362 2777 1526 2841; x_wconf 85' lang='lat' dir='ltr'><strong>ostenderat,</strong></span> <span class='ocrx_word' id='word_1_387' title='bbox 1543 2778 1587 2834; x_wconf 88' lang='lat' dir='ltr'><strong>vel</strong></span> <span class='ocrx_word' id='word_1_388' title='bbox 1608 2780 1636 2833; x_wconf 91' lang='lat' dir='ltr'><strong>in</strong></span> <span class='ocrx_word' id='word_1_389' title='bbox 1658 2788 1714 2836; x_wconf 92' lang='lat' dir='ltr'><strong>toto</strong></span> <span class='ocrx_word' id='word_1_390' title='bbox 1729 2797 1775 2837; x_wconf 74' lang='lat' dir='ltr'><strong>sce</strong></span> 
     </span>
     <span class='ocr_line' id='line_1_29' title="bbox 141 2866 1775 2944; baseline -0.001 -18"><span class='ocrx_word' id='word_1_391' title='bbox 141 2870 367 2944; x_wconf 72' lang='lat' dir='ltr'><strong>praedicatoribus</strong></span> <span class='ocrx_word' id='word_1_392' title='bbox 375 2869 507 2932; x_wconf 76' lang='lat' dir='ltr'><strong>ueritatis,</strong></span> <span class='ocrx_word' id='word_1_393' title='bbox 520 2868 604 2923; x_wconf 90' lang='lat' dir='ltr'><strong>debis</strong></span> <span class='ocrx_word' id='word_1_394' title='bbox 616 2882 685 2937; x_wconf 87' lang='lat' dir='ltr'><strong>quos</strong></span> <span class='ocrx_word' id='word_1_395' title='bbox 697 2867 933 2938; x_wconf 66' lang='lat' dir='ltr'><strong>imbuerentmra-</strong></span> <span class='ocrx_word' id='word_1_396' title='bbox 982 2868 1044 2925; x_wconf 89' lang='lat' dir='ltr'><strong>culo</strong></span> <span class='ocrx_word' id='word_1_397' title='bbox 1070 2867 1204 2932; x_wconf 88' lang='lat' dir='ltr'><strong>subditos,</strong></span> <span class='ocrx_word' id='word_1_398' title='bbox 1221 2867 1263 2922; x_wconf 86' lang='lat' dir='ltr'><strong>rel</strong></span> <span class='ocrx_word' id='word_1_399' title='bbox 1277 2866 1417 2922; x_wconf 77' lang='lat' dir='ltr'><strong>saecularis</strong></span> <span class='ocrx_word' id='word_1_400' title='bbox 1439 2867 1538 2922; x_wconf 89' lang='lat' dir='ltr'><strong>intuitu</strong></span> <span class='ocrx_word' id='word_1_401' title='bbox 1560 2869 1695 2924; x_wconf 92' lang='lat' dir='ltr'><strong>commodi</strong></span> <span class='ocrx_word' id='word_1_402' title='bbox 1719 2869 1775 2926; x_wconf 91' lang='lat' dir='ltr'><strong>Do-</strong></span> 
     </span>
     <span class='ocr_line' id='line_1_30' title="bbox 142 2958 1776 3033; baseline 0.001 -17"><span class='ocrx_word' id='word_1_403' title='bbox 142 2960 229 3033; x_wconf 71' lang='lat' dir='ltr'><strong>dpiat</strong></span> <span class='ocrx_word' id='word_1_404' title='bbox 242 2960 334 3016; x_wconf 84' lang='lat' dir='ltr'><strong>dicem</strong></span> <span class='ocrx_word' id='word_1_405' title='bbox 354 2959 502 3013; x_wconf 82' lang='lat' dir='ltr'><strong>:Doccrttes</strong></span> <span class='ocrx_word' id='word_1_406' title='bbox 521 2973 565 3013; x_wconf 87' lang='lat' dir='ltr'><strong>eor</strong></span> <span class='ocrx_word' id='word_1_407' title='bbox 577 2973 682 3012; x_wconf 81' lang='lat' dir='ltr'><strong>seruare</strong></span> <span class='ocrx_word' id='word_1_408' title='bbox 699 2958 787 3011; x_wconf 88' lang='lat' dir='ltr'><strong>omnin</strong></span> <span class='ocrx_word' id='word_1_409' title='bbox 806 2973 932 3026; x_wconf 78' lang='lat' dir='ltr'><strong>querco·</strong></span> <span class='ocrx_word' id='word_1_410' title='bbox 981 2961 1056 3017; x_wconf 90' lang='lat' dir='ltr'><strong>mino</strong></span> <span class='ocrx_word' id='word_1_411' title='bbox 1070 2960 1229 3025; x_wconf 74' lang='lat' dir='ltr'><strong>servientes,</strong></span> <span class='ocrx_word' id='word_1_412' title='bbox 1245 2958 1359 3030; x_wconf 89' lang='lat' dir='ltr'><strong>pulclrre</strong></span> <span class='ocrx_word' id='word_1_413' title='bbox 1371 2958 1546 3029; x_wconf 83' lang='lat' dir='ltr'><strong>breuiterque</strong></span> <span class='ocrx_word' id='word_1_414' title='bbox 1563 2975 1628 3015; x_wconf 91' lang='lat' dir='ltr'><strong>suos</strong></span> <span class='ocrx_word' id='word_1_415' title='bbox 1643 2959 1732 3027; x_wconf 89' lang='lat' dir='ltr'><strong>docet,</strong></span> <span class='ocrx_word' id='word_1_416' title='bbox 1748 2970 1776 3017; x_wconf 88' lang='lat' dir='ltr'><strong>et</strong></span> 
     </span>
    </p>
   </div>
   <div class='ocr_carea' id='block_1_3' title="bbox 1154 1300 1592 1354">
    <p class='ocr_par' dir='ltr' id='par_1_3' title="bbox 1154 1300 1592 1354">
     <span class='ocr_line' id='line_1_31' title="bbox 1154 1300 1592 1354; baseline 0.009 -15"><span class='ocrx_word' id='word_1_417' title='bbox 1154 1300 1323 1343; x_wconf 73' lang='lat' dir='ltr'><strong>unisonarum</strong></span> <span class='ocrx_word' id='word_1_418' title='bbox 1351 1303 1437 1354; x_wconf 75' lang='lat' dir='ltr'><strong>tres,</strong></span> <span class='ocrx_word' id='word_1_419' title='bbox 1460 1305 1519 1345; x_wconf 81' lang='lat' dir='ltr'><strong>car.</strong></span> <span class='ocrx_word' id='word_1_420' title='bbox 1543 1305 1592 1344; x_wconf 81' lang='lat' dir='ltr'><strong>an.</strong></span> 
     </span>
    </p>
   </div>
   <div class='ocr_carea' id='block_1_4' title="bbox 124 3046 1779 3306">
    <p class='ocr_par' dir='ltr' id='par_1_4' title="bbox 124 3046 1779 3306">
     <span class='ocr_line' id='line_1_32' title="bbox 124 3046 1777 3127; baseline 0.002 -24"><span class='ocrx_word' id='word_1_421' title='bbox 124 3069 193 3127; x_wconf 67' lang='grc' dir='ltr'><strong>,μ</strong></span> <span class='ocrx_word' id='word_1_422' title='bbox 213 3051 338 3107; x_wconf 81' lang='lat' dir='ltr'><strong>mundari</strong></span> <span class='ocrx_word' id='word_1_423' title='bbox 362 3050 432 3106; x_wconf 84' lang='lat' dir='ltr'><strong>rolris</strong></span> <span class='ocrx_word' id='word_1_424' title='bbox 463 3048 569 3120; x_wconf 79' lang='lat' dir='ltr'><strong>(iiottb</strong></span> <span class='ocrx_word' id='word_1_425' title='bbox 585 3046 658 3120; x_wconf 60' lang='lat' dir='ltr'><strong>riti,</strong></span> <span class='ocrx_word' id='word_1_426' title='bbox 674 3055 702 3104; x_wconf 89' lang='lat' dir='ltr'><strong>et</strong></span> <span class='ocrx_word' id='word_1_427' title='bbox 726 3061 758 3103; x_wconf 88' lang='lat' dir='ltr'><strong>ea</strong></span> <span class='ocrx_word' id='word_1_428' title='bbox 781 3047 853 3103; x_wconf 91' lang='lat' dir='ltr'><strong>enim</strong></span> <span class='ocrx_word' id='word_1_429' title='bbox 872 3063 932 3118; x_wconf 80' lang='lat' dir='ltr'><strong>quae</strong></span> <span class='ocrx_word' id='word_1_430' title='bbox 983 3049 1091 3106; x_wconf 90' lang='lat' dir='ltr'><strong>lumbos</strong></span> <span class='ocrx_word' id='word_1_431' title='bbox 1104 3051 1282 3122; x_wconf 79' lang='lat' dir='ltr'><strong>praecingere,</strong></span> <span class='ocrx_word' id='word_1_432' title='bbox 1294 3056 1406 3119; x_wconf 90' lang='lat' dir='ltr'><strong>propter</strong></span> <span class='ocrx_word' id='word_1_433' title='bbox 1425 3048 1624 3105; x_wconf 87' lang='lat' dir='ltr'><strong>continentiam</strong></span> <span class='ocrx_word' id='word_1_434' title='bbox 1636 3051 1670 3105; x_wconf 90' lang='lat' dir='ltr'><strong>ab</strong></span> <span class='ocrx_word' id='word_1_435' title='bbox 1683 3065 1777 3107; x_wconf 86' lang='lat' dir='ltr'><strong>amore</strong></span> 
     </span>
     <span class='ocr_line' id='line_1_33' title="bbox 140 3117 1777 3216; baseline 0.002 -19"><span class='ocrx_word' id='word_1_436' title='bbox 140 3142 204 3216; x_wconf 82' lang='lat' dir='ltr'><strong>ipse</strong></span> <span class='ocrx_word' id='word_1_437' title='bbox 216 3141 365 3206; x_wconf 81' lang='lat' dir='ltr'><strong>mandarit,</strong></span> <span class='ocrx_word' id='word_1_438' title='bbox 379 3156 433 3197; x_wconf 92' lang='lat' dir='ltr'><strong>non</strong></span> <span class='ocrx_word' id='word_1_439' title='bbox 452 3139 516 3205; x_wconf 86' lang='lat' dir='ltr'><strong>alia,</strong></span> <span class='ocrx_word' id='word_1_440' title='bbox 527 3148 556 3194; x_wconf 90' lang='lat' dir='ltr'><strong>et</strong></span> <span class='ocrx_word' id='word_1_441' title='bbox 572 3139 630 3194; x_wconf 80' lang='lat' dir='ltr'><strong>baec</strong></span> <span class='ocrx_word' id='word_1_442' title='bbox 651 3153 705 3193; x_wconf 93' lang='lat' dir='ltr'><strong>non</strong></span> <span class='ocrx_word' id='word_1_443' title='bbox 727 3154 760 3193; x_wconf 84' lang='lat' dir='ltr'><strong>ex</strong></span> <span class='ocrx_word' id='word_1_444' title='bbox 782 3147 872 3208; x_wconf 86' lang='lat' dir='ltr'><strong>parte,</strong></span> <span class='ocrx_word' id='word_1_445' title='bbox 885 3139 932 3193; x_wconf 90' lang='lat' dir='ltr'><strong>sed</strong></span> <span class='ocrx_word' id='word_1_446' title='bbox 946 3117 968 3179; x_wconf 73' lang='lat' dir='ltr'>C</span> <span class='ocrx_word' id='word_1_447' title='bbox 984 3157 1074 3198; x_wconf 91' lang='lat' dir='ltr'><strong>rerum</strong></span> <span class='ocrx_word' id='word_1_448' title='bbox 1088 3141 1270 3208; x_wconf 67' lang='lat' dir='ltr'><strong>saecularium,</strong></span> <span class='ocrx_word' id='word_1_449' title='bbox 1291 3148 1319 3197; x_wconf 91' lang='lat' dir='ltr'><strong>et</strong></span> <span class='ocrx_word' id='word_1_450' title='bbox 1339 3140 1465 3197; x_wconf 83' lang='lat' dir='ltr'><strong>lucernas</strong></span> <span class='ocrx_word' id='word_1_451' title='bbox 1482 3142 1609 3199; x_wconf 83' lang='lat' dir='ltr'><strong>ardentes</strong></span> <span class='ocrx_word' id='word_1_452' title='bbox 1623 3142 1734 3210; x_wconf 91' lang='lat' dir='ltr'><strong>babere,</strong></span> <span class='ocrx_word' id='word_1_453' title='bbox 1747 3155 1777 3201; x_wconf 93' lang='lat' dir='ltr'><strong>ut</strong></span> 
     </span>
     <span class='ocr_line' id='line_1_34' title="bbox 142 3229 1779 3306; baseline 0.001 -17"><span class='ocrx_word' id='word_1_454' title='bbox 142 3232 237 3291; x_wconf 73' lang='lat' dir='ltr'><strong>mita</strong></span> <span class='ocrx_word' id='word_1_455' title='bbox 251 3231 308 3287; x_wconf 89' lang='lat' dir='ltr'><strong>suis</strong></span> <span class='ocrx_word' id='word_1_456' title='bbox 322 3230 489 3286; x_wconf 85' lang='lat' dir='ltr'><strong>auditoribus</strong></span> <span class='ocrx_word' id='word_1_457' title='bbox 500 3230 533 3284; x_wconf 89' lang='lat' dir='ltr'><strong>ad</strong></span> <span class='ocrx_word' id='word_1_458' title='bbox 558 3229 691 3285; x_wconf 84' lang='lat' dir='ltr'><strong>servanda</strong></span> <span class='ocrx_word' id='word_1_459' title='bbox 716 3229 823 3285; x_wconf 90' lang='lat' dir='ltr'><strong>tradere</strong></span> <span class='ocrx_word' id='word_1_460' title='bbox 844 3229 932 3298; x_wconf 84' lang='lat' dir='ltr'><strong>jubet.</strong></span> <span class='ocrx_word' id='word_1_461' title='bbox 984 3235 1035 3291; x_wconf 87' lang='lat' dir='ltr'><strong>boc</strong></span> <span class='ocrx_word' id='word_1_462' title='bbox 1047 3236 1135 3306; x_wconf 83' lang='lat' dir='ltr'><strong>ipsum</strong></span> <span class='ocrx_word' id='word_1_463' title='bbox 1150 3251 1216 3291; x_wconf 84' lang='lat' dir='ltr'><strong>uero</strong></span> <span class='ocrx_word' id='word_1_464' title='bbox 1229 3235 1282 3289; x_wconf 90' lang='lat' dir='ltr'><strong>llne</strong></span> <span class='ocrx_word' id='word_1_465' title='bbox 1295 3244 1322 3289; x_wconf 91' lang='lat' dir='ltr'><strong>ct</strong></span> <span class='ocrx_word' id='word_1_466' title='bbox 1335 3242 1410 3290; x_wconf 91' lang='lat' dir='ltr'><strong>recta</strong></span> <span class='ocrx_word' id='word_1_467' title='bbox 1424 3233 1575 3289; x_wconf 90' lang='lat' dir='ltr'><strong>intentione</strong></span> <span class='ocrx_word' id='word_1_468' title='bbox 1589 3233 1701 3291; x_wconf 88' lang='lat' dir='ltr'><strong>iaciant.</strong></span> <span class='ocrx_word' id='word_1_469' title='bbox 1721 3234 1779 3291; x_wconf 76' lang='lat' dir='ltr'><strong>nli-</strong></span> 
     </span>
    </p>
   </div>
   <div class='ocr_carea' id='block_1_5' title="bbox 125 3321 1780 5757">
    <p class='ocr_par' dir='ltr' id='par_1_5' title="bbox 144 3321 1778 3853">
     <span class='ocr_line' id='line_1_35' title="bbox 179 3321 1777 3398; baseline 0.001 -17"><span class='ocrx_word' id='word_1_470' title='bbox 179 3321 210 3381; x_wconf 79' lang='lat' dir='ltr'><strong>si</strong></span> <span class='ocrx_word' id='word_1_471' title='bbox 221 3324 282 3395; x_wconf 85' lang='lat' dir='ltr'><strong>qrtis</strong></span> <span class='ocrx_word' id='word_1_472' title='bbox 294 3324 425 3378; x_wconf 83' lang='lat' dir='ltr'><strong>ministrat</strong></span> <span class='ocrx_word' id='word_1_473' title='bbox 444 3332 570 3393; x_wconf 85' lang='lat' dir='ltr'><strong>tunquam</strong></span> <span class='ocrx_word' id='word_1_474' title='bbox 581 3337 614 3376; x_wconf 81' lang='lat' dir='ltr'><strong>en</strong></span> <span class='ocrx_word' id='word_1_475' title='bbox 624 3323 720 3375; x_wconf 84' lang='lat' dir='ltr'><strong>uirtute</strong></span> <span class='ocrx_word' id='word_1_476' title='bbox 730 3359 738 3385; x_wconf 87' lang='lat'><strong>,</strong></span> <span class='ocrx_word' id='word_1_477' title='bbox 748 3338 827 3392; x_wconf 85' lang='lat' dir='ltr'><strong>quom</strong></span> <span class='ocrx_word' id='word_1_478' title='bbox 846 3321 934 3375; x_wconf 80' lang='lat' dir='ltr'><strong>admi·</strong></span> <span class='ocrx_word' id='word_1_479' title='bbox 984 3333 1036 3392; x_wconf 84' lang='lat' dir='ltr'><strong>ter,</strong></span> <span class='ocrx_word' id='word_1_480' title='bbox 1048 3326 1154 3381; x_wconf 88' lang='lat' dir='ltr'><strong>lumbos</strong></span> <span class='ocrx_word' id='word_1_481' title='bbox 1176 3326 1376 3397; x_wconf 68' lang='lat' dir='ltr'><strong>praecingimus,</strong></span> <span class='ocrx_word' id='word_1_482' title='bbox 1390 3340 1452 3379; x_wconf 87' lang='lat' dir='ltr'><strong>cum</strong></span> <span class='ocrx_word' id='word_1_483' title='bbox 1468 3325 1559 3381; x_wconf 90' lang='lat' dir='ltr'><strong>carnis</strong></span> <span class='ocrx_word' id='word_1_484' title='bbox 1571 3325 1716 3392; x_wconf 85' lang='lat' dir='ltr'><strong>luxuriam,</strong></span> <span class='ocrx_word' id='word_1_485' title='bbox 1727 3342 1777 3398; x_wconf 89' lang='lat' dir='ltr'><strong>per</strong></span> 
     </span>
     <span class='ocr_line' id='line_1_36' title="bbox 144 3414 1376 3484; baseline -0.002 -10"><span class='ocrx_word' id='word_1_486' title='bbox 144 3418 241 3475; x_wconf 71' lang='lat' dir='ltr'><strong>n‘rtrot</strong></span> <span class='ocrx_word' id='word_1_487' title='bbox 253 3416 334 3471; x_wconf 83' lang='lat' dir='ltr'><strong>Deris.</strong></span> <span class='ocrx_word' id='word_1_488' title='bbox 347 3415 435 3471; x_wconf 78' lang='lat' dir='ltr'><strong>&#39;lautu</strong></span> <span class='ocrx_word' id='word_1_489' title='bbox 449 3414 577 3470; x_wconf 90' lang='lat' dir='ltr'><strong>humilius</strong></span> <span class='ocrx_word' id='word_1_490' title='bbox 593 3415 732 3484; x_wconf 88' lang='lat' dir='ltr'><strong>impendat</strong></span> <span class='ocrx_word' id='word_1_491' title='bbox 744 3415 858 3484; x_wconf 91' lang='lat' dir='ltr'><strong>quisque</strong></span> <span class='ocrx_word' id='word_1_492' title='bbox 875 3430 935 3484; x_wconf 85' lang='lat' dir='ltr'><strong>pro</strong></span> <span class='ocrx_word' id='word_1_493' title='bbox 983 3416 1177 3472; x_wconf 83' lang='lat' dir='ltr'><strong>continentiam</strong></span> <span class='ocrx_word' id='word_1_494' title='bbox 1193 3426 1376 3472; x_wconf 87' lang='lat' dir='ltr'><strong>coarctamus.</strong></span> 
     </span>
     <span class='ocr_line' id='line_1_37' title="bbox 144 3504 1777 3575; baseline 0.004 -14"><span class='ocrx_word' id='word_1_495' title='bbox 144 3507 220 3567; x_wconf 74' lang='lat' dir='ltr'><strong>ximo</strong></span> <span class='ocrx_word' id='word_1_496' title='bbox 234 3505 333 3562; x_wconf 88' lang='lat' dir='ltr'><strong>bonum</strong></span> <span class='ocrx_word' id='word_1_497' title='bbox 348 3520 427 3560; x_wconf 91' lang='lat' dir='ltr'><strong>omne</strong></span> <span class='ocrx_word' id='word_1_498' title='bbox 448 3505 520 3573; x_wconf 89' lang='lat' dir='ltr'><strong>quod</strong></span> <span class='ocrx_word' id='word_1_499' title='bbox 542 3512 642 3573; x_wconf 86' lang='lat' dir='ltr'><strong>potest,</strong></span> <span class='ocrx_word' id='word_1_500' title='bbox 655 3512 758 3573; x_wconf 90' lang='lat' dir='ltr'><strong>quanto</strong></span> <span class='ocrx_word' id='word_1_501' title='bbox 783 3504 934 3561; x_wconf 87' lang='lat' dir='ltr'><strong>certissime</strong></span> <span class='ocrx_word' id='word_1_502' title='bbox 1018 3508 1155 3564; x_wconf 88' lang='lat' dir='ltr'><strong>Lucernas</strong></span> <span class='ocrx_word' id='word_1_503' title='bbox 1175 3516 1266 3563; x_wconf 90' lang='lat' dir='ltr'><strong>antem</strong></span> <span class='ocrx_word' id='word_1_504' title='bbox 1283 3510 1411 3567; x_wconf 82' lang='lat' dir='ltr'><strong>ardentes</strong></span> <span class='ocrx_word' id='word_1_505' title='bbox 1439 3511 1465 3565; x_wconf 91' lang='lat' dir='ltr'><strong>in</strong></span> <span class='ocrx_word' id='word_1_506' title='bbox 1488 3509 1613 3565; x_wconf 90' lang='lat' dir='ltr'><strong>manibus</strong></span> <span class='ocrx_word' id='word_1_507' title='bbox 1639 3517 1777 3575; x_wconf 88' lang='lat' dir='ltr'><strong>tenemus,</strong></span> 
     </span>
     <span class='ocr_line' id='line_1_38' title="bbox 145 3593 1778 3670; baseline -0.002 -11"><span class='ocrx_word' id='word_1_508' title='bbox 145 3599 232 3666; x_wconf 72' lang='lat' dir='ltr'><strong>mit,</strong></span> <span class='ocrx_word' id='word_1_509' title='bbox 244 3612 331 3670; x_wconf 81' lang='lat' dir='ltr'><strong>quaea</strong></span> <span class='ocrx_word' id='word_1_510' title='bbox 351 3596 496 3666; x_wconf 89' lang='lat' dir='ltr'><strong>semetipso</strong></span> <span class='ocrx_word' id='word_1_511' title='bbox 511 3602 664 3665; x_wconf 89' lang='lat' dir='ltr'><strong>nonpotest</strong></span> <span class='ocrx_word' id='word_1_512' title='bbox 675 3595 786 3659; x_wconf 88' lang='lat' dir='ltr'><strong>babere,</strong></span> <span class='ocrx_word' id='word_1_513' title='bbox 800 3609 860 3663; x_wconf 76' lang='lat' dir='ltr'><strong>quae</strong></span> <span class='ocrx_word' id='word_1_514' title='bbox 882 3593 934 3648; x_wconf 92' lang='lat' dir='ltr'><strong>im-</strong></span> <span class='ocrx_word' id='word_1_515' title='bbox 983 3615 1045 3656; x_wconf 91' lang='lat' dir='ltr'><strong>eum</strong></span> <span class='ocrx_word' id='word_1_516' title='bbox 1063 3614 1112 3669; x_wconf 92' lang='lat' dir='ltr'><strong>per</strong></span> <span class='ocrx_word' id='word_1_517' title='bbox 1126 3600 1196 3654; x_wconf 91' lang='lat' dir='ltr'><strong>bona</strong></span> <span class='ocrx_word' id='word_1_518' title='bbox 1208 3613 1290 3669; x_wconf 90' lang='lat' dir='ltr'><strong>opera</strong></span> <span class='ocrx_word' id='word_1_519' title='bbox 1301 3600 1435 3669; x_wconf 83' lang='lat' dir='ltr'><strong>proximis</strong></span> <span class='ocrx_word' id='word_1_520' title='bbox 1450 3601 1550 3656; x_wconf 92' lang='lat' dir='ltr'><strong>nostris</strong></span> <span class='ocrx_word' id='word_1_521' title='bbox 1567 3598 1635 3654; x_wconf 89' lang='lat' dir='ltr'><strong>lueis</strong></span> <span class='ocrx_word' id='word_1_522' title='bbox 1655 3600 1778 3669; x_wconf 82' lang='lat' dir='ltr'><strong>eaerrrpla</strong></span> 
     </span>
     <span class='ocr_line' id='line_1_39' title="bbox 145 3689 1778 3763; baseline 0.001 -17"><span class='ocrx_word' id='word_1_523' title='bbox 145 3689 258 3763; x_wconf 63' lang='lat' dir='ltr'><strong>‚ndat-</strong></span> <span class='ocrx_word' id='word_1_524' title='bbox 983 3690 1357 3759; x_wconf 87' lang='lat' dir='ltr'><strong>monstramus,lledemptori</strong></span> <span class='ocrx_word' id='word_1_525' title='bbox 1378 3691 1479 3746; x_wconf 89' lang='lat' dir='ltr'><strong>ctcnim</strong></span> <span class='ocrx_word' id='word_1_526' title='bbox 1501 3698 1595 3746; x_wconf 89' lang='lat' dir='ltr'><strong>nostro</strong></span> <span class='ocrx_word' id='word_1_527' title='bbox 1615 3705 1699 3745; x_wconf 85' lang='lat' dir='ltr'><strong>utrum</strong></span> <span class='ocrx_word' id='word_1_528' title='bbox 1718 3691 1778 3748; x_wconf 84' lang='lat' dir='ltr'><strong>siue</strong></span> 
     </span>
     <span class='ocr_line' id='line_1_40' title="bbox 182 3775 1484 3853; baseline -0.003 -14"><span class='ocrx_word' id='word_1_529' title='bbox 182 3780 218 3839; x_wconf 85' lang='lat' dir='ltr'><strong>iit</strong></span> <span class='ocrx_word' id='word_1_530' title='bbox 229 3782 259 3837; x_wconf 88' lang='lat' dir='ltr'><strong>irt</strong></span> <span class='ocrx_word' id='word_1_531' title='bbox 270 3780 390 3837; x_wconf 86' lang='lat' dir='ltr'><strong>omniirtr</strong></span> <span class='ocrx_word' id='word_1_532' title='bbox 400 3778 588 3849; x_wconf 71' lang='lat' dir='ltr'><strong>honorificetur</strong></span> <span class='ocrx_word' id='word_1_533' title='bbox 601 3776 684 3842; x_wconf 84' lang='lat' dir='ltr'><strong>Deua,</strong></span> <span class='ocrx_word' id='word_1_534' title='bbox 694 3794 741 3848; x_wconf 85' lang='lat' dir='ltr'><strong>per</strong></span> <span class='ocrx_word' id='word_1_535' title='bbox 750 3775 841 3832; x_wconf 80' lang='lat' dir='ltr'><strong>lesum</strong></span> <span class='ocrx_word' id='word_1_536' title='bbox 856 3775 934 3831; x_wconf 85' lang='lat' dir='ltr'><strong>Cirri-</strong></span> <span class='ocrx_word' id='word_1_537' title='bbox 983 3779 1069 3837; x_wconf 90' lang='lat' dir='ltr'><strong>altero</strong></span> <span class='ocrx_word' id='word_1_538' title='bbox 1083 3779 1189 3851; x_wconf 83' lang='lat' dir='ltr'><strong>plaeere</strong></span> <span class='ocrx_word' id='word_1_539' title='bbox 1202 3795 1373 3851; x_wconf 80' lang='lat' dir='ltr'><strong>nequaquam</strong></span> <span class='ocrx_word' id='word_1_540' title='bbox 1384 3787 1484 3853; x_wconf 89' lang='lat' dir='ltr'><strong>potest.</strong></span> 
     </span>
    </p>

    <p class='ocr_par' dir='ltr' id='par_1_6' title="bbox 125 3868 1779 4399">
     <span class='ocr_line' id='line_1_41' title="bbox 125 3868 1777 3945; baseline -0.005 -12"><span class='ocrx_word' id='word_1_541' title='bbox 125 3926 132 3933; x_wconf 92' lang='lat'><strong>.</strong></span> <span class='ocrx_word' id='word_1_542' title='bbox 146 3883 226 3931; x_wconf 73' lang='lat' dir='ltr'><strong>m.</strong></span> <span class='ocrx_word' id='word_1_543' title='bbox 240 3871 320 3929; x_wconf 80' lang='lat' dir='ltr'><strong>Juxta</strong></span> <span class='ocrx_word' id='word_1_544' title='bbox 333 3872 417 3945; x_wconf 89' lang='lat' dir='ltr'><strong>ipsius</strong></span> <span class='ocrx_word' id='word_1_545' title='bbox 429 3870 493 3929; x_wconf 80' lang='lat' dir='ltr'><strong>iesu</strong></span> <span class='ocrx_word' id='word_1_546' title='bbox 507 3870 608 3927; x_wconf 80' lang='lat' dir='ltr'><strong>Cbristi</strong></span> <span class='ocrx_word' id='word_1_547' title='bbox 620 3877 795 3941; x_wconf 72' lang='lat' dir='ltr'><strong>praeceptum,</strong></span> <span class='ocrx_word' id='word_1_548' title='bbox 807 3886 861 3941; x_wconf 93' lang='lat' dir='ltr'><strong>quo</strong></span> <span class='ocrx_word' id='word_1_549' title='bbox 874 3870 912 3923; x_wconf 91' lang='lat' dir='ltr'><strong>ait</strong></span> <span class='ocrx_word' id='word_1_550' title='bbox 926 3887 932 3924; x_wconf 91' lang='lat'><strong>:</strong></span> <span class='ocrx_word' id='word_1_551' title='bbox 1017 3871 1053 3927; x_wconf 81' lang='lat' dir='ltr'><strong>m</strong></span> <span class='ocrx_word' id='word_1_552' title='bbox 1065 3888 1108 3926; x_wconf 85' lang='lat' dir='ltr'><strong>cos</strong></span> <span class='ocrx_word' id='word_1_553' title='bbox 1125 3870 1222 3926; x_wconf 83' lang='lat' dir='ltr'><strong>sinaites</strong></span> <span class='ocrx_word' id='word_1_554' title='bbox 1238 3871 1387 3926; x_wconf 76' lang='lat' dir='ltr'><strong>leontinibns</strong></span> <span class='ocrx_word' id='word_1_555' title='bbox 1402 3869 1613 3941; x_wconf 77' lang='lat' dir='ltr'><strong>exspectantibus</strong></span> <span class='ocrx_word' id='word_1_556' title='bbox 1632 3868 1777 3925; x_wconf 85' lang='lat' dir='ltr'><strong>Dominum</strong></span> 
     </span>
     <span class='ocr_line' id='line_1_42' title="bbox 152 3959 1779 4035; baseline -0.004 -14"><span class='ocrx_word' id='word_1_557' title='bbox 152 3962 264 4023; x_wconf 70' lang='lat' dir='ltr'><strong>Videant</strong></span> <span class='ocrx_word' id='word_1_558' title='bbox 277 3975 362 4021; x_wconf 83' lang='lat' dir='ltr'><strong>oestro</strong></span> <span class='ocrx_word' id='word_1_559' title='bbox 373 3981 451 4035; x_wconf 88' lang='lat' dir='ltr'><strong>opero</strong></span> <span class='ocrx_word' id='word_1_560' title='bbox 466 3964 545 4028; x_wconf 84' lang='lat' dir='ltr'><strong>iona,</strong></span> <span class='ocrx_word' id='word_1_561' title='bbox 558 3973 583 4017; x_wconf 89' lang='lat' dir='ltr'><strong>et</strong></span> <span class='ocrx_word' id='word_1_562' title='bbox 605 3963 752 4034; x_wconf 72' lang='lat' dir='ltr'><strong>glorificent</strong></span> <span class='ocrx_word' id='word_1_563' title='bbox 769 3959 874 4016; x_wconf 82' lang='lat' dir='ltr'><strong>Patrem</strong></span> <span class='ocrx_word' id='word_1_564' title='bbox 897 3979 935 4017; x_wconf 85' lang='lat' dir='ltr'><strong>ue·</strong></span> <span class='ocrx_word' id='word_1_565' title='bbox 984 3981 1070 4029; x_wconf 82' lang='lat' dir='ltr'><strong>auam,</strong></span> <span class='ocrx_word' id='word_1_566' title='bbox 1085 3975 1139 4020; x_wconf 87' lang='lat' dir='ltr'><strong>ete.</strong></span> <span class='ocrx_word' id='word_1_567' title='bbox 1153 3964 1195 4019; x_wconf 80' lang='lat' dir='ltr'><strong>nd</strong></span> <span class='ocrx_word' id='word_1_568' title='bbox 1206 3963 1315 4033; x_wconf 89' lang='lat' dir='ltr'><strong>nuptias</strong></span> <span class='ocrx_word' id='word_1_569' title='bbox 1326 3963 1425 4034; x_wconf 89' lang='lat' dir='ltr'><strong>quippe</strong></span> <span class='ocrx_word' id='word_1_570' title='bbox 1437 3962 1567 4016; x_wconf 88' lang='lat' dir='ltr'><strong>Dominus</strong></span> <span class='ocrx_word' id='word_1_571' title='bbox 1580 3961 1659 4026; x_wconf 86' lang='lat' dir='ltr'><strong>abiit,</strong></span> <span class='ocrx_word' id='word_1_572' title='bbox 1672 3961 1719 4032; x_wconf 90' lang='lat' dir='ltr'><strong>qui</strong></span> <span class='ocrx_word' id='word_1_573' title='bbox 1736 3975 1779 4016; x_wconf 88' lang='lat' dir='ltr'><strong>re·</strong></span> 
     </span>
     <span class='ocr_line' id='line_1_43' title="bbox 146 4051 1778 4128; baseline -0.006 -15"><span class='ocrx_word' id='word_1_574' title='bbox 146 4056 295 4128; x_wconf 57' lang='lat' dir='ltr'><strong>numqui</strong></span> <span class='ocrx_word' id='word_1_575' title='bbox 306 4056 335 4109; x_wconf 92' lang='lat' dir='ltr'><strong>in</strong></span> <span class='ocrx_word' id='word_1_576' title='bbox 346 4054 416 4109; x_wconf 84' lang='lat' dir='ltr'><strong>coelia</strong></span> <span class='ocrx_word' id='word_1_577' title='bbox 426 4063 463 4108; x_wconf 85' lang='lat' dir='ltr'><strong>eat</strong></span> <span class='ocrx_word' id='word_1_578' title='bbox 477 4053 582 4126; x_wconf 85' lang='lat' dir='ltr'><strong>(liotilr.</strong></span> <span class='ocrx_word' id='word_1_579' title='bbox 596 4069 612 4107; x_wconf 82' lang='lat' dir='ltr'>v</span> <span class='ocrx_word' id='word_1_580' title='bbox 624 4058 645 4125; x_wconf 74' lang='lat' dir='ltr'><strong>l.</strong></span> <span class='ocrx_word' id='word_1_581' title='bbox 658 4051 858 4107; x_wconf 87' lang='lat' dir='ltr'><strong>lionoritieatur</strong></span> <span class='ocrx_word' id='word_1_582' title='bbox 871 4067 934 4122; x_wconf 88' lang='lat' dir='ltr'><strong>ergo</strong></span> <span class='ocrx_word' id='word_1_583' title='bbox 984 4070 1099 4125; x_wconf 84' lang='lat' dir='ltr'><strong>surgens</strong></span> <span class='ocrx_word' id='word_1_584' title='bbox 1111 4070 1126 4109; x_wconf 90' lang='lat' dir='ltr'><strong>a</strong></span> <span class='ocrx_word' id='word_1_585' title='bbox 1148 4054 1273 4118; x_wconf 89' lang='lat' dir='ltr'><strong>mortuis,</strong></span> <span class='ocrx_word' id='word_1_586' title='bbox 1286 4053 1434 4108; x_wconf 84' lang='lat' dir='ltr'><strong>ascendens</strong></span> <span class='ocrx_word' id='word_1_587' title='bbox 1458 4053 1484 4106; x_wconf 90' lang='lat' dir='ltr'><strong>in</strong></span> <span class='ocrx_word' id='word_1_588' title='bbox 1511 4051 1619 4117; x_wconf 87' lang='lat' dir='ltr'><strong>eoelum,</strong></span> <span class='ocrx_word' id='word_1_589' title='bbox 1633 4066 1778 4121; x_wconf 89' lang='lat' dir='ltr'><strong>supernam</strong></span> 
     </span>
     <span class='ocr_line' id='line_1_44' title="bbox 146 4141 1776 4217; baseline -0.007 -11"><span class='ocrx_word' id='word_1_590' title='bbox 146 4148 220 4207; x_wconf 75' lang='lat' dir='ltr'><strong>oeus</strong></span> <span class='ocrx_word' id='word_1_591' title='bbox 233 4150 261 4204; x_wconf 91' lang='lat' dir='ltr'><strong>iu</strong></span> <span class='ocrx_word' id='word_1_592' title='bbox 277 4149 382 4203; x_wconf 86' lang='lat' dir='ltr'><strong>actibus</strong></span> <span class='ocrx_word' id='word_1_593' title='bbox 397 4147 514 4212; x_wconf 88' lang='lat' dir='ltr'><strong>nostris,</strong></span> <span class='ocrx_word' id='word_1_594' title='bbox 535 4161 597 4201; x_wconf 91' lang='lat' dir='ltr'><strong>cum</strong></span> <span class='ocrx_word' id='word_1_595' title='bbox 618 4145 708 4201; x_wconf 88' lang='lat' dir='ltr'><strong>omnia</strong></span> <span class='ocrx_word' id='word_1_596' title='bbox 723 4160 784 4214; x_wconf 78' lang='lat' dir='ltr'><strong>qum</strong></span> <span class='ocrx_word' id='word_1_597' title='bbox 810 4145 879 4200; x_wconf 91' lang='lat' dir='ltr'><strong>bene</strong></span> <span class='ocrx_word' id='word_1_598' title='bbox 903 4160 935 4198; x_wconf 87' lang='lat' dir='ltr'><strong>ac</strong></span> <span class='ocrx_word' id='word_1_599' title='bbox 985 4148 1037 4204; x_wconf 87' lang='lat' dir='ltr'><strong>sibi</strong></span> <span class='ocrx_word' id='word_1_600' title='bbox 1051 4146 1209 4217; x_wconf 83' lang='lat' dir='ltr'><strong>angelorum</strong></span> <span class='ocrx_word' id='word_1_601' title='bbox 1222 4145 1422 4201; x_wconf 87' lang='lat' dir='ltr'><strong>multitudinem</strong></span> <span class='ocrx_word' id='word_1_602' title='bbox 1437 4160 1523 4199; x_wconf 81' lang='lat' dir='ltr'><strong>novus</strong></span> <span class='ocrx_word' id='word_1_603' title='bbox 1534 4142 1616 4198; x_wconf 91' lang='lat' dir='ltr'><strong>homo</strong></span> <span class='ocrx_word' id='word_1_604' title='bbox 1631 4141 1776 4212; x_wconf 85' lang='lat' dir='ltr'><strong>copularit,</strong></span> 
     </span>
     <span class='ocr_line' id='line_1_45' title="bbox 147 4229 1778 4309; baseline -0.01 -10"><span class='ocrx_word' id='word_1_605' title='bbox 147 4240 296 4299; x_wconf 65' lang='lat' dir='ltr'><strong>mudum</strong></span> <span class='ocrx_word' id='word_1_606' title='bbox 310 4238 477 4293; x_wconf 76' lang='lat' dir='ltr'><strong>uoluntatem</strong></span> <span class='ocrx_word' id='word_1_607' title='bbox 498 4235 556 4305; x_wconf 85' lang='lat' dir='ltr'><strong>ejus</strong></span> <span class='ocrx_word' id='word_1_608' title='bbox 569 4235 691 4302; x_wconf 89' lang='lat' dir='ltr'><strong>iacimus,</strong></span> <span class='ocrx_word' id='word_1_609' title='bbox 703 4250 757 4290; x_wconf 91' lang='lat' dir='ltr'><strong>non</strong></span> <span class='ocrx_word' id='word_1_610' title='bbox 772 4236 823 4291; x_wconf 86' lang='lat' dir='ltr'><strong>boe</strong></span> <span class='ocrx_word' id='word_1_611' title='bbox 835 4236 934 4290; x_wconf 89' lang='lat' dir='ltr'><strong>uostris</strong></span> <span class='ocrx_word' id='word_1_612' title='bbox 984 4238 1047 4309; x_wconf 89' lang='lat' dir='ltr'><strong>quin</strong></span> <span class='ocrx_word' id='word_1_613' title='bbox 1063 4247 1128 4291; x_wconf 89' lang='lat' dir='ltr'><strong>tune</strong></span> <span class='ocrx_word' id='word_1_614' title='bbox 1140 4244 1292 4290; x_wconf 84' lang='lat' dir='ltr'><strong>revertetur</strong></span> <span class='ocrx_word' id='word_1_615' title='bbox 1303 4250 1365 4290; x_wconf 90' lang='lat' dir='ltr'><strong>eum</strong></span> <span class='ocrx_word' id='word_1_616' title='bbox 1389 4233 1468 4288; x_wconf 86' lang='lat' dir='ltr'><strong>nobis</strong></span> <span class='ocrx_word' id='word_1_617' title='bbox 1489 4233 1545 4303; x_wconf 84' lang='lat' dir='ltr'><strong>jam</strong></span> <span class='ocrx_word' id='word_1_618' title='bbox 1572 4247 1623 4303; x_wconf 90' lang='lat' dir='ltr'><strong>per</strong></span> <span class='ocrx_word' id='word_1_619' title='bbox 1645 4229 1778 4300; x_wconf 83' lang='lat' dir='ltr'><strong>judicium</strong></span> 
     </span>
     <span class='ocr_line' id='line_1_46' title="bbox 147 4322 1778 4399; baseline -0.006 -13"><span class='ocrx_word' id='word_1_620' title='bbox 147 4330 264 4394; x_wconf 80' lang='lat' dir='ltr'><strong>meritis,</strong></span> <span class='ocrx_word' id='word_1_621' title='bbox 278 4327 498 4399; x_wconf 83' lang='lat' dir='ltr'><strong>sedejusgratiae</strong></span> <span class='ocrx_word' id='word_1_622' title='bbox 514 4326 667 4381; x_wconf 89' lang='lat' dir='ltr'><strong>tribuimus.</strong></span> <span class='ocrx_word' id='word_1_623' title='bbox 985 4327 1185 4389; x_wconf 79' lang='lat' dir='ltr'><strong>manifestatur,</strong></span> <span class='ocrx_word' id='word_1_624' title='bbox 1199 4327 1267 4382; x_wconf 85' lang='lat' dir='ltr'><strong>bene</strong></span> <span class='ocrx_word' id='word_1_625' title='bbox 1284 4334 1374 4381; x_wconf 90' lang='lat' dir='ltr'><strong>autem</strong></span> <span class='ocrx_word' id='word_1_626' title='bbox 1395 4327 1430 4382; x_wconf 88' lang='lat' dir='ltr'><strong>de</strong></span> <span class='ocrx_word' id='word_1_627' title='bbox 1450 4324 1536 4381; x_wconf 77' lang='lat' dir='ltr'><strong>seruis</strong></span> <span class='ocrx_word' id='word_1_628' title='bbox 1558 4322 1778 4395; x_wconf 80' lang='lat' dir='ltr'><strong>exspectantibus</strong></span> 
     </span>
    </p>

    <p class='ocr_par' dir='ltr' id='par_1_7' title="bbox 146 4413 1780 5757">
     <span class='ocr_line' id='line_1_47' title="bbox 181 4413 1119 4489; baseline -0.009 -14"><span class='ocrx_word' id='word_1_629' title='bbox 181 4418 218 4475; x_wconf 70' lang='lat' dir='ltr'><strong>Et</strong></span> <span class='ocrx_word' id='word_1_630' title='bbox 234 4435 293 4474; x_wconf 81' lang='lat' dir='ltr'><strong>cnm</strong></span> <span class='ocrx_word' id='word_1_631' title='bbox 304 4417 454 4489; x_wconf 83' lang='lat' dir='ltr'><strong>apparuerit</strong></span> <span class='ocrx_word' id='word_1_632' title='bbox 468 4417 587 4487; x_wconf 80' lang='lat' dir='ltr'><strong>princeps</strong></span> <span class='ocrx_word' id='word_1_633' title='bbox 600 4425 745 4486; x_wconf 87' lang='lat' dir='ltr'><strong>pastorum.</strong></span> <span class='ocrx_word' id='word_1_634' title='bbox 772 4413 849 4470; x_wconf 87' lang='lat' dir='ltr'><strong>Sicut</strong></span> <span class='ocrx_word' id='word_1_635' title='bbox 861 4414 933 4470; x_wconf 83' lang='lat' dir='ltr'><strong>enim</strong></span> <span class='ocrx_word' id='word_1_636' title='bbox 986 4418 1119 4474; x_wconf 83' lang='lat' dir='ltr'><strong>subditur.</strong></span> 
     </span>
     <span class='ocr_line' id='line_1_48' title="bbox 147 4502 1776 4578; baseline -0.007 -12"><span class='ocrx_word' id='word_1_637' title='bbox 147 4508 250 4567; x_wconf 80' lang='lat' dir='ltr'><strong>tiisitur</strong></span> <span class='ocrx_word' id='word_1_638' title='bbox 261 4506 386 4564; x_wconf 87' lang='lat' dir='ltr'><strong>Christus</strong></span> <span class='ocrx_word' id='word_1_639' title='bbox 405 4522 452 4561; x_wconf 81' lang='lat' dir='ltr'><strong>rex</strong></span> <span class='ocrx_word' id='word_1_640' title='bbox 475 4521 579 4576; x_wconf 90' lang='lat' dir='ltr'><strong>regum,</strong></span> <span class='ocrx_word' id='word_1_641' title='bbox 591 4505 722 4561; x_wconf 86' lang='lat' dir='ltr'><strong>Dominus</strong></span> <span class='ocrx_word' id='word_1_642' title='bbox 737 4505 932 4560; x_wconf 87' lang='lat' dir='ltr'><strong>dominantium</strong></span> <span class='ocrx_word' id='word_1_643' title='bbox 1023 4506 1129 4563; x_wconf 80' lang='lat' dir='ltr'><strong>Utrum</strong></span> <span class='ocrx_word' id='word_1_644' title='bbox 1147 4508 1242 4563; x_wconf 83' lang='lat' dir='ltr'><strong>uenerit</strong></span> <span class='ocrx_word' id='word_1_645' title='bbox 1260 4515 1284 4562; x_wconf 88' lang='lat' dir='ltr'><strong>et</strong></span> <span class='ocrx_word' id='word_1_646' title='bbox 1303 4505 1445 4578; x_wconf 84' lang='lat' dir='ltr'><strong>pulsauerit</strong></span> <span class='ocrx_word' id='word_1_647' title='bbox 1459 4505 1595 4577; x_wconf 71' lang='lat' dir='ltr'><strong>corriestim</strong></span> <span class='ocrx_word' id='word_1_648' title='bbox 1609 4502 1728 4576; x_wconf 83' lang='lat' dir='ltr'><strong>operiunt</strong></span> <span class='ocrx_word' id='word_1_649' title='bbox 1741 4503 1776 4558; x_wconf 88' lang='lat' dir='ltr'><strong>ei.</strong></span> 
     </span>
     <span class='ocr_line' id='line_1_49' title="bbox 146 4593 1779 4671; baseline -0.007 -13"><span class='ocrx_word' id='word_1_650' title='bbox 146 4608 178 4659; x_wconf 79' lang='lat' dir='ltr'><strong>st</strong></span> <span class='ocrx_word' id='word_1_651' title='bbox 201 4599 329 4671; x_wconf 84' lang='lat' dir='ltr'><strong>princeps</strong></span> <span class='ocrx_word' id='word_1_652' title='bbox 352 4596 513 4668; x_wconf 81' lang='lat' dir='ltr'><strong>principum.</strong></span> <span class='ocrx_word' id='word_1_653' title='bbox 529 4603 556 4651; x_wconf 78' lang='lat' dir='ltr'><strong>el</strong></span> <span class='ocrx_word' id='word_1_654' title='bbox 570 4603 661 4664; x_wconf 89' lang='lat' dir='ltr'><strong>pastor</strong></span> <span class='ocrx_word' id='word_1_655' title='bbox 677 4603 826 4664; x_wconf 66' lang='lat' dir='ltr'><strong>vastorum,</strong></span> <span class='ocrx_word' id='word_1_656' title='bbox 839 4594 875 4648; x_wconf 67' lang='lat' dir='ltr'><strong>iia</strong></span> <span class='ocrx_word' id='word_1_657' title='bbox 890 4594 934 4649; x_wconf 77' lang='lat' dir='ltr'><strong>hic</strong></span> <span class='ocrx_word' id='word_1_658' title='bbox 988 4599 1068 4657; x_wconf 82' lang='lat' dir='ltr'><strong>Venit</strong></span> <span class='ocrx_word' id='word_1_659' title='bbox 1082 4598 1182 4669; x_wconf 86' lang='lat' dir='ltr'><strong>quippe</strong></span> <span class='ocrx_word' id='word_1_660' title='bbox 1195 4613 1256 4653; x_wconf 90' lang='lat' dir='ltr'><strong>cum</strong></span> <span class='ocrx_word' id='word_1_661' title='bbox 1271 4597 1444 4667; x_wconf 86' lang='lat' dir='ltr'><strong>adjudicium</strong></span> <span class='ocrx_word' id='word_1_662' title='bbox 1457 4602 1595 4666; x_wconf 89' lang='lat' dir='ltr'><strong>properat.</strong></span> <span class='ocrx_word' id='word_1_663' title='bbox 1608 4593 1700 4649; x_wconf 85' lang='lat' dir='ltr'><strong>Pulsat</strong></span> <span class='ocrx_word' id='word_1_664' title='bbox 1714 4607 1779 4648; x_wconf 85' lang='lat' dir='ltr'><strong>vero</strong></span> 
     </span>
     <span class='ocr_line' id='line_1_50' title="bbox 146 4685 1779 4761; baseline -0.006 -14"><span class='ocrx_word' id='word_1_665' title='bbox 146 4690 308 4761; x_wconf 74' lang='lat' dir='ltr'><strong>intelligitur</strong></span> <span class='ocrx_word' id='word_1_666' title='bbox 317 4687 475 4758; x_wconf 75' lang='lat' dir='ltr'><strong>Apostolum</strong></span> <span class='ocrx_word' id='word_1_667' title='bbox 490 4686 591 4741; x_wconf 82' lang='lat' dir='ltr'><strong>dixisse</strong></span> <span class='ocrx_word' id='word_1_668' title='bbox 600 4685 726 4755; x_wconf 87' lang='lat' dir='ltr'><strong>prinecps</strong></span> <span class='ocrx_word' id='word_1_669' title='bbox 739 4693 888 4755; x_wconf 88' lang='lat' dir='ltr'><strong>pastomm.</strong></span> <span class='ocrx_word' id='word_1_670' title='bbox 987 4706 1050 4746; x_wconf 91' lang='lat' dir='ltr'><strong>curn</strong></span> <span class='ocrx_word' id='word_1_671' title='bbox 1064 4689 1121 4760; x_wconf 80' lang='lat' dir='ltr'><strong>jam</strong></span> <span class='ocrx_word' id='word_1_672' title='bbox 1136 4704 1184 4759; x_wconf 91' lang='lat' dir='ltr'><strong>per</strong></span> <span class='ocrx_word' id='word_1_673' title='bbox 1196 4687 1363 4759; x_wconf 69' lang='lat' dir='ltr'><strong>egritudinis</strong></span> <span class='ocrx_word' id='word_1_674' title='bbox 1377 4685 1516 4742; x_wconf 89' lang='lat' dir='ltr'><strong>molestias</strong></span> <span class='ocrx_word' id='word_1_675' title='bbox 1527 4702 1588 4741; x_wconf 89' lang='lat' dir='ltr'><strong>esse</strong></span> <span class='ocrx_word' id='word_1_676' title='bbox 1608 4693 1724 4740; x_wconf 90' lang='lat' dir='ltr'><strong>mortem</strong></span> <span class='ocrx_word' id='word_1_677' title='bbox 1738 4685 1779 4738; x_wconf 83' lang='lat' dir='ltr'><strong>ui·</strong></span> 
     </span>
     <span class='ocr_line' id='line_1_51' title="bbox 183 4772 1779 4852; baseline -0.005 -14"><span class='ocrx_word' id='word_1_678' title='bbox 183 4779 338 4852; x_wconf 75' lang='lat' dir='ltr'><strong>Percipietis</strong></span> <span class='ocrx_word' id='word_1_679' title='bbox 352 4777 593 4834; x_wconf 83' lang='lat' dir='ltr'><strong>immarcescibilem</strong></span> <span class='ocrx_word' id='word_1_680' title='bbox 613 4776 703 4848; x_wconf 77' lang='lat' dir='ltr'><strong>utoricc</strong></span> <span class='ocrx_word' id='word_1_681' title='bbox 726 4792 860 4830; x_wconf 80' lang='lat' dir='ltr'><strong>coronam.</strong></span> <span class='ocrx_word' id='word_1_682' title='bbox 884 4774 935 4831; x_wconf 88' lang='lat' dir='ltr'><strong>lnt—</strong></span> <span class='ocrx_word' id='word_1_683' title='bbox 988 4781 1077 4836; x_wconf 89' lang='lat' dir='ltr'><strong>einam</strong></span> <span class='ocrx_word' id='word_1_684' title='bbox 1102 4780 1243 4848; x_wconf 87' lang='lat' dir='ltr'><strong>designat,</strong></span> <span class='ocrx_word' id='word_1_685' title='bbox 1266 4777 1309 4832; x_wconf 91' lang='lat' dir='ltr'><strong>cui</strong></span> <span class='ocrx_word' id='word_1_686' title='bbox 1334 4774 1474 4831; x_wconf 90' lang='lat' dir='ltr'><strong>couicstim</strong></span> <span class='ocrx_word' id='word_1_687' title='bbox 1499 4773 1688 4844; x_wconf 89' lang='lat' dir='ltr'><strong>aperimus,si</strong></span> <span class='ocrx_word' id='word_1_688' title='bbox 1705 4772 1779 4830; x_wconf 83' lang='lat' dir='ltr'><strong>bunc</strong></span> 
     </span>
     <span class='ocr_line' id='line_1_52' title="bbox 146 4860 1779 4938; baseline -0.008 -7"><span class='ocrx_word' id='word_1_689' title='bbox 146 4870 361 4929; x_wconf 72' lang='lat' dir='ltr'><strong>maresscibiiem</strong></span> <span class='ocrx_word' id='word_1_690' title='bbox 385 4869 464 4936; x_wconf 74' lang='lat' dir='ltr'><strong>dlxii,</strong></span> <span class='ocrx_word' id='word_1_691' title='bbox 488 4868 551 4938; x_wconf 69' lang='lat' dir='ltr'><strong>quia</strong></span> <span class='ocrx_word' id='word_1_692' title='bbox 574 4881 628 4922; x_wconf 77' lang='lat' dir='ltr'>110ss</span> <span class='ocrx_word' id='word_1_693' title='bbox 654 4865 860 4922; x_wconf 66' lang='lat' dir='ltr'><strong>inveterabitur·</strong></span> <span class='ocrx_word' id='word_1_694' title='bbox 885 4864 936 4919; x_wconf 79' lang='lat' dir='ltr'><strong>CO·</strong></span> <span class='ocrx_word' id='word_1_695' title='bbox 989 4885 1050 4927; x_wconf 85' lang='lat' dir='ltr'><strong>cum</strong></span> <span class='ocrx_word' id='word_1_696' title='bbox 1070 4884 1163 4923; x_wconf 89' lang='lat' dir='ltr'><strong>anrore</strong></span> <span class='ocrx_word' id='word_1_697' title='bbox 1177 4866 1349 4936; x_wconf 88' lang='lat' dir='ltr'><strong>suscipimus.</strong></span> <span class='ocrx_word' id='word_1_698' title='bbox 1361 4863 1473 4934; x_wconf 87' lang='lat' dir='ltr'><strong>liperire</strong></span> <span class='ocrx_word' id='word_1_699' title='bbox 1487 4864 1557 4919; x_wconf 91' lang='lat' dir='ltr'><strong>enim</strong></span> <span class='ocrx_word' id='word_1_700' title='bbox 1568 4862 1650 4933; x_wconf 83' lang='lat' dir='ltr'><strong>judici</strong></span> <span class='ocrx_word' id='word_1_701' title='bbox 1661 4860 1779 4933; x_wconf 81' lang='lat' dir='ltr'><strong>pulsanti</strong></span> 
     </span>
     <span class='ocr_line' id='line_1_53' title="bbox 147 4952 1780 5032; baseline -0.009 -11"><span class='ocrx_word' id='word_1_702' title='bbox 147 4978 245 5021; x_wconf 83' lang='lat' dir='ltr'><strong>ronam</strong></span> <span class='ocrx_word' id='word_1_703' title='bbox 255 4976 304 5032; x_wconf 87' lang='lat' dir='ltr'><strong>pro</strong></span> <span class='ocrx_word' id='word_1_704' title='bbox 316 4961 466 5017; x_wconf 78' lang='lat' dir='ltr'><strong>eternitate</strong></span> <span class='ocrx_word' id='word_1_705' title='bbox 476 4959 538 5014; x_wconf 87' lang='lat' dir='ltr'><strong>vitae</strong></span> <span class='ocrx_word' id='word_1_706' title='bbox 548 4973 608 5013; x_wconf 91' lang='lat' dir='ltr'><strong>curn</strong></span> <span class='ocrx_word' id='word_1_707' title='bbox 622 4958 742 5027; x_wconf 68' lang='lat' dir='ltr'><strong>praemiis</strong></span> <span class='ocrx_word' id='word_1_708' title='bbox 753 4955 935 5027; x_wconf 83' lang='lat' dir='ltr'><strong>sempitemis.</strong></span> <span class='ocrx_word' id='word_1_709' title='bbox 989 4976 1042 5016; x_wconf 93' lang='lat' dir='ltr'><strong>uon</strong></span> <span class='ocrx_word' id='word_1_710' title='bbox 1059 4960 1127 5024; x_wconf 83' lang='lat' dir='ltr'><strong>rult,</strong></span> <span class='ocrx_word' id='word_1_711' title='bbox 1141 4957 1186 5028; x_wconf 87' lang='lat' dir='ltr'><strong>qui</strong></span> <span class='ocrx_word' id='word_1_712' title='bbox 1209 4957 1284 5011; x_wconf 80' lang='lat' dir='ltr'><strong>exire</strong></span> <span class='ocrx_word' id='word_1_713' title='bbox 1310 4955 1344 5010; x_wconf 81' lang='lat' dir='ltr'><strong>cle</strong></span> <span class='ocrx_word' id='word_1_714' title='bbox 1365 4969 1479 5023; x_wconf 80' lang='lat' dir='ltr'><strong>corpore</strong></span> <span class='ocrx_word' id='word_1_715' title='bbox 1504 4954 1629 5023; x_wconf 89' lang='lat' dir='ltr'><strong>trepidat,</strong></span> <span class='ocrx_word' id='word_1_716' title='bbox 1645 4960 1672 5006; x_wconf 91' lang='lat' dir='ltr'><strong>et</strong></span> <span class='ocrx_word' id='word_1_717' title='bbox 1686 4952 1780 5007; x_wconf 84' lang='lat' dir='ltr'><strong>videre</strong></span> 
     </span>
     <span class='ocr_line' id='line_1_54' title="bbox 185 5041 1779 5120; baseline -0.013 -4"><span class='ocrx_word' id='word_1_718' title='bbox 185 5052 351 5108; x_wconf 59' lang='lat' dir='ltr'><strong>&amp;militm</strong></span> <span class='ocrx_word' id='word_1_719' title='bbox 364 5052 449 5105; x_wconf 45' lang='lat' dir='ltr'><strong>omn&amp;</strong></span> <span class='ocrx_word' id='word_1_720' title='bbox 458 5050 561 5120; x_wconf 61' lang='lat' dir='ltr'><strong>dimitis</strong></span> <span class='ocrx_word' id='word_1_721' title='bbox 572 5049 616 5120; x_wconf 61' lang='lat' dir='ltr'><strong>tui</strong></span> <span class='ocrx_word' id='word_1_722' title='bbox 634 5048 734 5102; x_wconf 64' lang='lat' dir='ltr'><strong>l⁰⁶sslii</strong></span> <span class='ocrx_word' id='word_1_723' title='bbox 754 5061 801 5100; x_wconf 61' lang='lat'><strong>&#39;¹0⁸</strong></span> <span class='ocrx_word' id='word_1_724' title='bbox 819 5047 847 5099; x_wconf 91' lang='lat' dir='ltr'><strong>in</strong></span> <span class='ocrx_word' id='word_1_725' title='bbox 866 5054 939 5098; x_wconf 66' lang='lat' dir='ltr'><strong>will·</strong></span> <span class='ocrx_word' id='word_1_726' title='bbox 988 5066 1062 5116; x_wconf 87' lang='lat' dir='ltr'><strong>etrrn,</strong></span> <span class='ocrx_word' id='word_1_727' title='bbox 1075 5066 1156 5119; x_wconf 91' lang='lat' dir='ltr'><strong>quem</strong></span> <span class='ocrx_word' id='word_1_728' title='bbox 1170 5048 1365 5117; x_wconf 83' lang='lat' dir='ltr'><strong>contempsisse</strong></span> <span class='ocrx_word' id='word_1_729' title='bbox 1379 5060 1408 5100; x_wconf 90' lang='lat' dir='ltr'><strong>se</strong></span> <span class='ocrx_word' id='word_1_730' title='bbox 1422 5044 1544 5100; x_wconf 88' lang='lat' dir='ltr'><strong>meminit</strong></span> <span class='ocrx_word' id='word_1_731' title='bbox 1554 5044 1673 5114; x_wconf 67' lang='lat' dir='ltr'><strong>judicem</strong></span> <span class='ocrx_word' id='word_1_732' title='bbox 1684 5041 1779 5098; x_wconf 86' lang='lat' dir='ltr'><strong>lormi-</strong></span> 
     </span>
     <span class='ocr_line' id='line_1_55' title="bbox 147 5136 1778 5213; baseline -0.009 -14"><span class='ocrx_word' id='word_1_733' title='bbox 147 5161 212 5203; x_wconf 71' lang='lat' dir='ltr'><strong>um</strong></span> <span class='ocrx_word' id='word_1_734' title='bbox 224 5159 301 5199; x_wconf 81' lang='lat' dir='ltr'><strong>suom</strong></span> <span class='ocrx_word' id='word_1_735' title='bbox 317 5141 429 5213; x_wconf 80' lang='lat' dir='ltr'><strong>gloriam</strong></span> <span class='ocrx_word' id='word_1_736' title='bbox 444 5143 471 5195; x_wconf 86' lang='lat' dir='ltr'><strong>in</strong></span> <span class='ocrx_word' id='word_1_737' title='bbox 485 5139 589 5195; x_wconf 87' lang='lat' dir='ltr'><strong>Cirristo</strong></span> <span class='ocrx_word' id='word_1_738' title='bbox 605 5138 680 5203; x_wconf 72' lang='lat' dir='ltr'><strong>lesu,</strong></span> <span class='ocrx_word' id='word_1_739' title='bbox 695 5137 825 5192; x_wconf 83' lang='lat' dir='ltr'><strong>modicum</strong></span> <span class='ocrx_word' id='word_1_740' title='bbox 836 5148 936 5206; x_wconf 81' lang='lat' dir='ltr'><strong>porros.</strong></span> <span class='ocrx_word' id='word_1_741' title='bbox 990 5143 1046 5198; x_wconf 65' lang='lat' dir='ltr'><strong>ulau,</strong></span> <span class='ocrx_word' id='word_1_742' title='bbox 1058 5141 1108 5209; x_wconf 76' lang='lat' dir='ltr'><strong>Qui</strong></span> <span class='ocrx_word' id='word_1_743' title='bbox 1124 5148 1213 5194; x_wconf 74' lang='lat' dir='ltr'><strong>qurum</strong></span> <span class='ocrx_word' id='word_1_744' title='bbox 1228 5139 1261 5193; x_wconf 81' lang='lat' dir='ltr'><strong>do</strong></span> <span class='ocrx_word' id='word_1_745' title='bbox 1274 5153 1322 5192; x_wconf 80' lang='lat' dir='ltr'><strong>suu</strong></span> <span class='ocrx_word' id='word_1_746' title='bbox 1339 5152 1386 5207; x_wconf 81' lang='lat' dir='ltr'><strong>spe</strong></span> <span class='ocrx_word' id='word_1_747' title='bbox 1397 5136 1589 5207; x_wconf 80' lang='lat' dir='ltr'><strong>etoperatioue</strong></span> <span class='ocrx_word' id='word_1_748' title='bbox 1600 5149 1711 5191; x_wconf 79' lang='lat' dir='ltr'><strong>securus</strong></span> <span class='ocrx_word' id='word_1_749' title='bbox 1723 5140 1778 5195; x_wconf 90' lang='lat' dir='ltr'><strong>est,</strong></span> 
     </span>
     <span class='ocr_line' id='line_1_56' title="bbox 148 5212 1778 5303; baseline -0.01 -15"><span class='ocrx_word' id='word_1_750' title='bbox 148 5234 223 5291; x_wconf 79' lang='lat' dir='ltr'><strong>Dans</strong></span> <span class='ocrx_word' id='word_1_751' title='bbox 239 5242 329 5288; x_wconf 86' lang='lat' dir='ltr'><strong>autem</strong></span> <span class='ocrx_word' id='word_1_752' title='bbox 345 5233 434 5288; x_wconf 90' lang='lat' dir='ltr'><strong>omnis</strong></span> <span class='ocrx_word' id='word_1_753' title='bbox 446 5231 540 5302; x_wconf 72' lang='lat' dir='ltr'><strong>gratiae</strong></span> <span class='ocrx_word' id='word_1_754' title='bbox 554 5229 654 5284; x_wconf 88' lang='lat' dir='ltr'><strong>dieitur</strong></span> <span class='ocrx_word' id='word_1_755' title='bbox 673 5228 744 5284; x_wconf 91' lang='lat' dir='ltr'><strong>idem</strong></span> <span class='ocrx_word' id='word_1_756' title='bbox 766 5225 939 5282; x_wconf 77' lang='lat' dir='ltr'><strong>multiformis</strong></span> <span class='ocrx_word' id='word_1_757' title='bbox 989 5231 1107 5303; x_wconf 77' lang='lat' dir='ltr'><strong>pulsanti</strong></span> <span class='ocrx_word' id='word_1_758' title='bbox 1126 5228 1268 5285; x_wconf 84' lang='lat' dir='ltr'><strong>eonlestim</strong></span> <span class='ocrx_word' id='word_1_759' title='bbox 1283 5227 1379 5298; x_wconf 89' lang='lat' dir='ltr'><strong>aperit,</strong></span> <span class='ocrx_word' id='word_1_760' title='bbox 1392 5226 1455 5296; x_wconf 91' lang='lat' dir='ltr'><strong>quia</strong></span> <span class='ocrx_word' id='word_1_761' title='bbox 1468 5226 1545 5281; x_wconf 80' lang='lat' dir='ltr'><strong>laetus</strong></span> <span class='ocrx_word' id='word_1_762' title='bbox 1557 5212 1675 5294; x_wconf 83' lang='lat' dir='ltr'><strong>judicem</strong></span> <span class='ocrx_word' id='word_1_763' title='bbox 1692 5221 1778 5276; x_wconf 88' lang='lat' dir='ltr'><strong>susti-</strong></span> 
     </span>
     <span class='ocr_line' id='line_1_57' title="bbox 147 5308 1779 5399; baseline -0.01 -19"><span class='ocrx_word' id='word_1_764' title='bbox 147 5326 253 5399; x_wconf 80' lang='lat' dir='ltr'><strong>gratiae.</strong></span> <span class='ocrx_word' id='word_1_765' title='bbox 277 5324 364 5382; x_wconf 86' lang='lat' dir='ltr'><strong>Omne</strong></span> <span class='ocrx_word' id='word_1_766' title='bbox 385 5323 458 5379; x_wconf 82' lang='lat' dir='ltr'><strong>enim</strong></span> <span class='ocrx_word' id='word_1_767' title='bbox 479 5324 579 5377; x_wconf 89' lang='lat' dir='ltr'><strong>bonum</strong></span> <span class='ocrx_word' id='word_1_768' title='bbox 601 5318 673 5390; x_wconf 88' lang='lat' dir='ltr'><strong>quoti</strong></span> <span class='ocrx_word' id='word_1_769' title='bbox 689 5318 874 5381; x_wconf 76' lang='lat' dir='ltr'><strong>habeih0m⁰‚</strong></span> <span class='ocrx_word' id='word_1_770' title='bbox 888 5333 937 5387; x_wconf 67' lang='lat' dir='ltr'><strong>per</strong></span> <span class='ocrx_word' id='word_1_771' title='bbox 990 5330 1046 5379; x_wconf 89' lang='lat' dir='ltr'><strong>net.</strong></span> <span class='ocrx_word' id='word_1_772' title='bbox 1065 5321 1098 5376; x_wconf 76' lang='lat' dir='ltr'><strong>Et</strong></span> <span class='ocrx_word' id='word_1_773' title='bbox 1111 5336 1171 5375; x_wconf 88' lang='lat' dir='ltr'><strong>cum</strong></span> <span class='ocrx_word' id='word_1_774' title='bbox 1186 5328 1292 5389; x_wconf 89' lang='lat' dir='ltr'><strong>tempus</strong></span> <span class='ocrx_word' id='word_1_775' title='bbox 1303 5317 1461 5387; x_wconf 78' lang='lat' dir='ltr'><strong>propinqum</strong></span> <span class='ocrx_word' id='word_1_776' title='bbox 1475 5316 1570 5372; x_wconf 92' lang='lat' dir='ltr'><strong>mortis</strong></span> <span class='ocrx_word' id='word_1_777' title='bbox 1581 5311 1730 5384; x_wconf 85' lang='lat' dir='ltr'><strong>agnoverit,</strong></span> <span class='ocrx_word' id='word_1_778' title='bbox 1744 5308 1779 5365; x_wconf 88' lang='lat' dir='ltr'><strong>tie</strong></span> 
     </span>
     <span class='ocr_line' id='line_1_58' title="bbox 147 5400 1724 5488; baseline -0.015 -16"><span class='ocrx_word' id='word_1_779' title='bbox 147 5416 264 5488; x_wconf 73' lang='lat' dir='ltr'><strong>gratim</strong></span> <span class='ocrx_word' id='word_1_780' title='bbox 277 5414 376 5485; x_wconf 88' lang='lat' dir='ltr'><strong>accipit</strong></span> <span class='ocrx_word' id='word_1_781' title='bbox 387 5412 546 5477; x_wconf 91' lang='lat' dir='ltr'><strong>Dei,omnis</strong></span> <span class='ocrx_word' id='word_1_782' title='bbox 558 5411 629 5466; x_wconf 86' lang='lat' dir='ltr'><strong>enirn</strong></span> <span class='ocrx_word' id='word_1_783' title='bbox 643 5411 729 5482; x_wconf 86' lang='lat' dir='ltr'><strong>gloria</strong></span> <span class='ocrx_word' id='word_1_784' title='bbox 742 5409 776 5464; x_wconf 90' lang='lat' dir='ltr'><strong>ab</strong></span> <span class='ocrx_word' id='word_1_785' title='bbox 790 5408 835 5464; x_wconf 92' lang='lat' dir='ltr'><strong>illo</strong></span> <span class='ocrx_word' id='word_1_786' title='bbox 847 5409 935 5477; x_wconf 82' lang='lat' dir='ltr'><strong>riatur,</strong></span> <span class='ocrx_word' id='word_1_787' title='bbox 989 5410 1073 5485; x_wconf 87' lang='lat' dir='ltr'><strong>gloria</strong></span> <span class='ocrx_word' id='word_1_788' title='bbox 1086 5408 1271 5464; x_wconf 88' lang='lat' dir='ltr'><strong>retributionis</strong></span> <span class='ocrx_word' id='word_1_789' title='bbox 1283 5407 1432 5460; x_wconf 86' lang='lat' dir='ltr'><strong>hilarescit.</strong></span> <span class='ocrx_word' id='word_1_790' title='bbox 1449 5405 1525 5460; x_wconf 91' lang='lat' dir='ltr'><strong>Unde</strong></span> <span class='ocrx_word' id='word_1_791' title='bbox 1537 5411 1564 5457; x_wconf 93' lang='lat' dir='ltr'><strong>ct</strong></span> <span class='ocrx_word' id='word_1_792' title='bbox 1576 5400 1701 5456; x_wconf 90' lang='lat' dir='ltr'><strong>subditur</strong></span> <span class='ocrx_word' id='word_1_793' title='bbox 1717 5414 1724 5450; x_wconf 76' lang='grc' dir='ltr'><strong>ε</strong></span> 
     </span>
     <span class='ocr_line' id='line_1_59' title="bbox 148 5485 1779 5570; baseline -0.015 -6"><span class='ocrx_word' id='word_1_794' title='bbox 148 5504 250 5564; x_wconf 68' lang='lat' dir='ltr'><strong>tamam</strong></span> <span class='ocrx_word' id='word_1_795' title='bbox 268 5507 303 5562; x_wconf 82' lang='lat' dir='ltr'><strong>ad</strong></span> <span class='ocrx_word' id='word_1_796' title='bbox 316 5505 392 5561; x_wconf 92' lang='lat' dir='ltr'><strong>illum</strong></span> <span class='ocrx_word' id='word_1_797' title='bbox 407 5502 534 5558; x_wconf 80' lang='lat' dir='ltr'><strong>refertur.</strong></span> <span class='ocrx_word' id='word_1_798' title='bbox 1024 5501 1100 5556; x_wconf 83' lang='lat' dir='ltr'><strong>Booti</strong></span> <span class='ocrx_word' id='word_1_799' title='bbox 1112 5499 1182 5554; x_wconf 84' lang='lat' dir='ltr'><strong>serui</strong></span> <span class='ocrx_word' id='word_1_800' title='bbox 1196 5497 1235 5553; x_wconf 87' lang='lat' dir='ltr'><strong>illi</strong></span> <span class='ocrx_word' id='word_1_801' title='bbox 1248 5514 1312 5570; x_wconf 81' lang='lat' dir='ltr'><strong>quos</strong></span> <span class='ocrx_word' id='word_1_802' title='bbox 1324 5514 1382 5551; x_wconf 87' lang='lat' dir='ltr'><strong>cum</strong></span> <span class='ocrx_word' id='word_1_803' title='bbox 1394 5497 1489 5552; x_wconf 82' lang='lat' dir='ltr'><strong>uerterit</strong></span> <span class='ocrx_word' id='word_1_804' title='bbox 1502 5494 1640 5554; x_wconf 85' lang='lat' dir='ltr'><strong>Dominus,</strong></span> <span class='ocrx_word' id='word_1_805' title='bbox 1652 5485 1779 5542; x_wconf 80' lang='lat' dir='ltr'><strong>inverterit</strong></span> 
     </span>
     <span class='ocr_line' id='line_1_60' title="bbox 186 5578 1780 5668; baseline -0.012 -17"><span class='ocrx_word' id='word_1_806' title='bbox 186 5596 248 5668; x_wconf 80' lang='lat' dir='ltr'><strong>ipse</strong></span> <span class='ocrx_word' id='word_1_807' title='bbox 260 5596 386 5668; x_wconf 83' lang='lat' dir='ltr'><strong>perficiet,</strong></span> <span class='ocrx_word' id='word_1_808' title='bbox 399 5593 579 5662; x_wconf 77' lang='lat' dir='ltr'><strong>confirmarint,</strong></span> <span class='ocrx_word' id='word_1_809' title='bbox 595 5591 777 5661; x_wconf 81' lang='lat' dir='ltr'><strong>solidabitque,</strong></span> <span class='ocrx_word' id='word_1_810' title='bbox 791 5591 840 5659; x_wconf 85' lang='lat' dir='ltr'><strong>ipsi</strong></span> <span class='ocrx_word' id='word_1_811' title='bbox 854 5589 937 5661; x_wconf 80' lang='lat' dir='ltr'><strong>pierio</strong></span> <span class='ocrx_word' id='word_1_812' title='bbox 989 5591 1135 5662; x_wconf 83' lang='lat' dir='ltr'><strong>ciqilurttcs.</strong></span> <span class='ocrx_word' id='word_1_813' title='bbox 1150 5589 1250 5661; x_wconf 82' lang='lat' dir='ltr'><strong>Vigilat</strong></span> <span class='ocrx_word' id='word_1_814' title='bbox 1263 5589 1309 5660; x_wconf 92' lang='lat' dir='ltr'><strong>qui</strong></span> <span class='ocrx_word' id='word_1_815' title='bbox 1321 5588 1354 5642; x_wconf 88' lang='lat' dir='ltr'><strong>ad</strong></span> <span class='ocrx_word' id='word_1_816' title='bbox 1365 5594 1502 5656; x_wconf 87' lang='lat' dir='ltr'><strong>aspectum</strong></span> <span class='ocrx_word' id='word_1_817' title='bbox 1517 5581 1574 5635; x_wconf 80' lang='lat' dir='ltr'><strong>ueri</strong></span> <span class='ocrx_word' id='word_1_818' title='bbox 1584 5578 1694 5634; x_wconf 88' lang='lat' dir='ltr'><strong>luminis</strong></span> <span class='ocrx_word' id='word_1_819' title='bbox 1704 5592 1780 5633; x_wconf 86' lang='lat' dir='ltr'><strong>meu-</strong></span> 
     </span>
     <span class='ocr_line' id='line_1_61' title="bbox 151 5667 1777 5757; baseline -0.014 -13"><span class='ocrx_word' id='word_1_820' title='bbox 151 5687 287 5757; x_wconf 71' lang='lat' dir='ltr'><strong>iasmcuio</strong></span> <span class='ocrx_word' id='word_1_821' title='bbox 301 5685 467 5743; x_wconf 76' lang='lat' dir='ltr'><strong>securiorem.</strong></span> <span class='ocrx_word' id='word_1_822' title='bbox 486 5683 599 5740; x_wconf 85' lang='lat' dir='ltr'><strong>ilocarit</strong></span> <span class='ocrx_word' id='word_1_823' title='bbox 610 5700 659 5738; x_wconf 79' lang='lat' dir='ltr'><strong>iios</strong></span> <span class='ocrx_word' id='word_1_824' title='bbox 681 5683 708 5736; x_wconf 94' lang='lat' dir='ltr'><strong>iu</strong></span> <span class='ocrx_word' id='word_1_825' title='bbox 730 5692 857 5739; x_wconf 83' lang='lat' dir='ltr'><strong>aeteruum</strong></span> <span class='ocrx_word' id='word_1_826' title='bbox 881 5683 938 5748; x_wconf 80' lang='lat' dir='ltr'><strong>ulo-</strong></span> <span class='ocrx_word' id='word_1_827' title='bbox 990 5682 1026 5738; x_wconf 87' lang='lat' dir='ltr'><strong>tis</strong></span> <span class='ocrx_word' id='word_1_828' title='bbox 1042 5680 1135 5737; x_wconf 89' lang='lat' dir='ltr'><strong>oeulos</strong></span> <span class='ocrx_word' id='word_1_829' title='bbox 1150 5689 1257 5736; x_wconf 88' lang='lat' dir='ltr'><strong>auertos</strong></span> <span class='ocrx_word' id='word_1_830' title='bbox 1271 5686 1352 5733; x_wconf 87' lang='lat' dir='ltr'><strong>terret.</strong></span> <span class='ocrx_word' id='word_1_831' title='bbox 1368 5673 1466 5741; x_wconf 76' lang='lat' dir='ltr'><strong>viuum</strong></span> <span class='ocrx_word' id='word_1_832' title='bbox 1477 5671 1523 5735; x_wconf 80' lang='lat' dir='ltr'><strong>itui</strong></span> <span class='ocrx_word' id='word_1_833' title='bbox 1537 5677 1628 5726; x_wconf 86' lang='lat' dir='ltr'><strong>serrat</strong></span> <span class='ocrx_word' id='word_1_834' title='bbox 1640 5667 1777 5737; x_wconf 87' lang='lat' dir='ltr'><strong>operando</strong></span> 
     </span>
    </p>
   </div>
   <div class='ocr_carea' id='block_1_6' title="bbox 0 0 1915 6116">
    <p class='ocr_par' dir='ltr' id='par_1_8' title="bbox 0 0 1915 6116">
     <span class='ocr_line' id='line_1_62' title="bbox 0 0 1915 6116; baseline 0 0"><span class='ocrx_word' id='word_1_835' title='bbox 0 0 1915 6116; x_wconf 95' lang='lat' dir='ltr'><strong> </strong></span> 
     </span>
    </p>
   </div>
  </div>
 </body>
</html>
