3810 6120
855 282 1033 344 subudum
1051 281 1198 339 tuendis
1793 268 1845 326 itt

208 303 260 362 tud

207 417 478 496 gnillca'batiunenis,
489 425 570 487 quern
580 412 710 468 Dominus
724 409 900 479 penitentem
916 402 997 458 matri
1012 403 1038 462 A
1050 400 1118 455 tales
1132 397 1263 453 Dominus
1285 389 1445 450 excitandos
1459 404 1514 445 uon
1527 387 1690 458 dedignatur
1703 387 1843 446 accedere.

163 491 167 498 ⁵
208 530 275 579 sum,
290 514 318 569 id
334 520 387 576 est,
399 507 527 564 Ecclesiae
545 502 737 560 resuscitatum
758 499 856 555 reddit.
878 497 1000 553 Tertium
1088 500 1776 581 mm&90parmaappesuffipompmppume‘
1790 502 1843 570 pic,

114 647 117 655 ·
207 621 293 678 dms
317 602 418 657 'mii'
439 601 557 654 immane
570 605 624 661 ⁰³⁸¹
639 593 806 649 ⁰⁰n⁸¹¹⁰¹¹¹d⁰
827 591 910 655 Μ’
929 589 1002 659 ‘lum'
1052 608 1279 680 (rulermeusnon
1291 602 1382 672 [uisset
1394 607 1524 654 mortuus.
1539 595 1611 650 Dixit
1623 594 1663 649 illi
1675 594 1777 650 lesus:
1795 594 1846 649 lle-

206 696 441 769 signisrcaturper
460 699 606 753 Lazarum,
620 687 692 742 unde
707 693 734 741 et
746 686 816 741 bene
828 685 861 739 de
875 683 921 738 iilo
936 681 1002 737 dici-

1051 708 1139 771 surqet
1155 697 1320 767 [retortum.
1335 692 1404 760 Quia
1415 706 1464 760 ego
1478 704 1538 743 sum
1552 688 1717 742 resurreetio
1734 695 1761 742 et
1776 687 1846 752 rita,

207 793 262 849 tur,
276 782 362 837 loetet.
380 780 476 851 Incipit
495 778 568 834 enirn
593 777 694 832 babere
716 775 862 846 pessimam
887 771 1001 836 lamam,

1052 790 1098 860 qui
1111 788 1198 844 eredit
1208 787 1235 841 in
1249 800 1303 847 me,
1315 781 1408 850 etjam
1423 780 1447 836 si
1466 784 1590 836 meminus
1607 776 1689 833 luerit
1707 777 1734 832 iu
1750 792 1846 843 carne,

208 889 243 928 ne
256 873 383 942 desperet
394 877 533 942 peccator,
547 868 610 939 qnia
626 866 756 922 Dominus
772 879 868 922 omines
892 862 1001 919 miseri·
1012 907 1024 926 .

172 951 176 959 ’
208 965 326 1019 corditer
346 961 529 1018 resuscitarit.
545 960 623 1028 Quod
637 968 726 1014 autem
743 959 868 1014 subditur
890 973 896 1010 :
918 956 1002 1026 lufir-

209 1056 286 1108 milas
299 1055 355 1108 inec
376 1069 428 1107 non
445 1061 483 1106 est
503 1051 538 1105 nel
551 1059 670 1113 mortem,
684 1055 881 1118 cousequenter
906 1045 1003 1115 adjun-

208 1145 248 1198 xit
261 1163 268 1197 :
282 1144 327 1198 sed
339 1160 387 1214 pro
402 1141 487 1213 pieria
504 1141 561 1207 Dei,
572 1151 601 1195 ut
615 1140 778 1212 plurificetnr
788 1137 813 1191 F
813 1138 877 1193 ilios
890 1138 939 1192 liei
951 1155 1000 1209 per

1052 881 1125 934 vivet
1146 877 1173 933 in
1198 877 1289 931 aniana
1312 876 1399 930 donee
1422 876 1555 942 resurgat,
1569 876 1597 924 et
1616 883 1681 925 earo
1705 883 1848 938 nunquam

1052 978 1145 1040 postea
1160 968 1302 1022 moritura,
1315 965 1348 1019 Et
1360 962 1449 1018 omnis
1461 961 1508 1032 qui
1520 959 1587 1014 sirit
1604 959 1630 1014 in
1645 973 1739 1024 earne,
1749 965 1777 1014 et
1788 973 1848 1014 ere-

1053 1061 1093 1116 dit
1106 1060 1134 1114 in
1148 1073 1201 1123 me,
1216 1066 1245 1112 et
1262 1056 1285 1112 si
1303 1054 1435 1111 morietur
1446 1051 1481 1107 ad
1504 1059 1620 1122 tempus,
1638 1057 1751 1120 propter
1773 1066 1848 1106 mor-

1053 1158 1108 1205 tem
1122 1147 1285 1213 eamls‚non
1299 1146 1434 1200 morietur
1450 1143 1477 1197 in
1488 1151 1628 1203 mteruum,
1639 1149 1751 1212 propter
1760 1142 1846 1196 vitain

208 1247 278 1287 enm.
293 1232 363 1288 Sunt
375 1231 506 1297 haeretiei,
523 1232 569 1300 qui
579 1230 631 1285 boe
646 1237 747 1301 negant
764 1229 835 1298 quod
856 1227 941 1283 Filius
954 1227 1005 1283 Dei
1052 1240 1224 1312 ,mmmm
1246 1235 1477 1292 immortalitatem
1501 1231 1722 1287 resurrectionis.
1750 1230 1847 1287 Credis

209 1325 247 1379 sit
264 1324 346 1380 Deus·
372 1324 441 1379 uoce
466 1322 579 1378 audiam
594 1339 601 1376 ι
616 1321 763 1391 infirmnm
776 1320 832 1374 noc
847 1335 900 1373 πον·
913 1327 953 1373 erl
968 1319 1003 1373 ed
1052 1333 1121 1389 iamt
1135 1332 1178 1385 aie
1200 1329 1240 1384 illi
1252 1348 1261 1384 .·
1273 1326 1377 1394 deame,
1394 1323 1761 1394 unumquodcunque
1777 1332 1807 1377 m
1819 1341 1847 1378 a

210 1426 330 1480 movim,
343 1416 388 1470 ted
399 1432 447 1486 tiro
460 1414 545 1485 dlvllll
560 1413 620 1478 Del,
634 1413 662 1467 id
675 1419 728 1478 0⁸¹2
741 1412 802 1467 Filii
819 1412 877 1466 Μ·
1052 1421 1173 1478 cladem
1189 1420 1275 1475 Filius
1304 1418 1362 1483 liei,
1385 1415 1431 1487 qui
1445 1415 1473 1469 io
1500 1414 1569 1467 dunc
1594 1413 1720 1467 mundum
1741 1414 1846 1467 uenisti.

247 1505 390 1576 Respondit
402 1504 588 1568 artemiam,
600 1503 918 1558 nonncduodecimltore
941 1510 1002 1556 mol
1052 1515 1225 1585 Quandohoc
1239 1513 1351 1576 credidi,
1364 1507 1544 1580 sordidique
1557 1515 1586 1561 lu
1598 1521 1627 1563 es
1639 1504 1848 1561 resurrectio&

210 1597 284 1651 diei?
296 1604 349 1652 <³¹⁰-
362 1595 431 1663 011ῑᾶ
443 1596 494 1651 Sibi
504 1596 561 1650 lull
572 1597 624 1650 5⁵²³
633 1596 793 1667 lesill>¹¹Sl⁰‘·'
807 1595 861 1650 Sed
872 1602 1003 1665 (iilflmss'ss
1051 1609 1125 1673 rita,
1139 1607 1227 1677 etqui
1243 1606 1269 1659 in
1286 1613 1313 1659 te
1327 1603 1422 1667 caedit,
1432 1609 1462 1656 et
1477 1601 1502 1656 si
1519 1607 1643 1653 mortuus
1659 1596 1752 1661 luerit,
1762 1596 1845 1650 viret.

210 1688 278 1741 mihi
289 1687 396 1742 ridetur
408 1688 571 1756 redarguere
589 1686 792 1741 rolmtiilorum
803 1685 1001 1740 dubitationem
1087 1718 1166 1774 Jews
1180 1735 1252 1788 emo,
1264 1725 1292 1771 m
1305 1715 1368 1770 Μ,
1381 1731 1439 1770 eam
1451 1712 1608 1784 ploramem,
1618 1709 1724 1780 smmi,
1741 1708 1847 1779 wippa,

207 1783 239 1831 et
253 1777 449 1831 inlidelitatem.
464 1777 615 1831 Voluerunt
629 1777 702 1831 enim
716 1777 862 1833 consilium
873 1776 938 1831 dare
949 1774 1002 1830 Do-

211 1867 295 1930 mino,
306 1882 341 1922 ne
355 1877 519 1932 umreretur,
533 1868 579 1936 qni
597 1867 805 1934 veneratmori;
815 1867 946 1937 corripuit
957 1879 1005 1920 eos

211 1962 239 2009 el
262 1956 301 2009 ait
320 1975 326 2009 :
345 1956 441 2010 Nonne
468 1956 606 2010 duodecim
634 1956 707 2010 dorm
729 1956 886 2010 molitiei?
907 1955 1005 2025 siquis

211 2046 383 2102 condulmerii
394 2049 423 2102 in
435 2047 478 2102 die
490 2064 542 2101 non
555 2048 674 2117 offendit.
695 2049 772 2103 Diem
781 2055 872 2102 autem
885 2047 1005 2116 seipsum

210 2145 290 2193 osten
303 2139 413 2203 iteam,
431 2139 495 2208 quia
514 2139 572 2208 ipse
591 2135 751 2207 spiritaliter
762 2145 806 2192 est
829 2151 912 2192 vertis
936 2137 1005 2200 dies,

212 2227 354 2282 duodecim
377 2242 442 2283 rere
464 2227 554 2291 herm,
567 2227 710 2282 duodecim
728 2225 849 2296 Apostoli
871 2234 934 2280 sunt
949 2239 957 2278 a
973 2224 1007 2280 Ut

211 2326 305 2372 nutem
319 2318 392 2373 diem
406 2333 436 2373 se
447 2317 612 2381 ostenderet,
627 2317 769 2372 duodecim
787 2316 933 2386 discipulos
950 2315 1007 2371 ele-

211 2413 269 2483 git:
282 2410 311 2467 Si
328 2428 375 2483 epo
390 2428 459 2476 sum,
469 2411 567 2480 inquit,
580 2410 648 2475 dies,
663 2420 686 2463 el
699 2426 742 2464 eos
758 2410 846 2474 lore,
858 2425 899 2462 me
921 2423 1009 2478 seqni-

212 2504 289 2568 mioi,
300 2504 362 2574 qnia
376 2504 448 2558 ltere
462 2501 694 2566 dlemteoountun
709 2518 762 2556 non
776 2502 831 2556 dies
845 2501 934 2554 bores.
959 2499 1008 2555 Sc-

212 2602 333 2664 qnautur
360 2608 426 2664 ergo
448 2594 523 2647 borae
546 2592 634 2655 diem,
656 2591 805 2661 predicent
826 2590 904 2646 herne
923 2589 1006 2644 diem

117 2716 121 2725 ·
214 2683 293 2738 llorae
307 2682 503 2737 illustrentura
521 2683 574 2744 die,
593 2683 667 2736 bore
681 2681 868 2735 illuminentur
881 2695 900 2733 a
914 2679 970 2744 die,
982 2685 1010 2734 et

213 2788 263 2842 per
275 2774 406 2828 boramm
421 2773 642 2842 praedicationem
654 2771 876 2827 credatrauadus
884 2770 913 2826 in
924 2771 1006 2827 diem.

215 2864 272 2919 lloe
288 2879 353 2934 ergo
365 2863 403 2917 ait
420 2863 453 2918 de
471 2862 640 2934 compendio,
662 2877 707 2918 me
732 2861 892 2932 sequimini,
906 2861 932 2916 si
955 2875 1009 2917 uun

136 3004 141 3019 ,
213 2955 296 3010 vultis
307 2954 454 3010 offendere.
468 2954 545 3022 Quod
558 2962 649 3009 autem
660 2953 747 3008 dixit:
763 2952 883 3007 Murus
908 2952 1009 3006 sedens

212 3054 302 3099 iream
313 3044 419 3108 domuit,
434 3058 529 3098 rerum
542 3043 620 3098 dixit.
637 3042 784 3099 Sororibus
796 3049 919 3097 mortuus
935 3050 1007 3107 erat,

214 3156 295 3211 quem
306 3140 440 3197 succinae
451 3153 508 3194 non
517 3145 654 3208 poterant,
665 3136 779 3192 Domino
794 3135 1009 3206 dormiebal,qu-r

110 3250 117 3258 ·
214 3240 290 3288 tauta
308 3231 438 3287 facilitate
453 3245 516 3286 euin
535 3229 678 3286 suscitarit
705 3229 738 3284 de
759 3227 1010 3298 sepulcro,qumrto

212 3335 243 3379 tu
257 3340 331 3380 nunc
346 3324 451 3380 excitas
469 3322 649 3378 dormientem
672 3320 705 3374 de
723 3318 801 3374 lecte
830 3318 868 3372 De
892 3327 1011 3387 quatuor

214 3417 310 3472 diebus
321 3414 404 3470 multa
415 3415 525 3485 quidem
536 3413 589 3468 dici
607 3418 735 3483 possunt,
752 3410 792 3466 sic
810 3418 839 3464 nt
861 3425 891 3466 se
909 3411 1010 3475 liabent

214 3509 329 3563 ousmra
342 3505 557 3576 Scdpturarum,
570 3518 631 3573 quse
651 3518 703 3573 pro
727 3501 885 3558 diversitate
907 3501 1009 3558 intelli·

215 3598 337 3667 gentium
348 3597 447 3652 nrultos
461 3611 558 3652 senem
568 3593 686 3666 pariunt
703 3593 829 3648 Dicamus
838 3601 867 3647 et
876 3592 1009 3662 numquid

216 3687 294 3743 nobis
319 3688 444 3742 rideatur
468 3686 625 3756 siguificare
655 3681 779 3739 mortuus
798 3681 1008 3753 quatriduanus,

216 3776 352 3847 quomodo
362 3777 388 3832 iu
404 3777 450 3832 ilio
462 3791 534 3832 emen
544 3775 721 3845 intelligimus
747 3774 947 3845 quodammodo
959 3773 1009 3828 bu-

217 3881 432 3937 mannmgenus,
448 3866 487 3921 sic
506 3863 588 3930 loric,
608 3871 636 3921 et
653 3865 679 3919 iu
702 3864 756 3920 isto
779 3871 888 3920 mortue
909 3862 1010 3919 mubns

1056 1823 1109 1872 ete.
1134 1813 1203 1881 Quid
1231 1811 1373 1880 est,qnoi
1396 1809 1488 1863 turbat
1512 1804 1688 1873 semetipsum
1711 1800 1853 1857 Christus!

1056 1907 1108 1961 nisi
1132 1913 1162 1959 ut
1186 1903 1320 1972 signilicet
1340 1901 1402 1965 tibi,
1417 1899 1553 1969 quomodo
1567 1896 1672 1952 turbari
1695 1903 1724 1950 tu
1749 1896 1849 1950 debeas

1055 2013 1118 2054 eum
1129 2003 1203 2050 tarrta
1216 1994 1286 2049 mole
1300 1993 1404 2065 peceati
1418 1990 1540 2063 gravaris
1556 1996 1584 2044 et
1595 1986 1738 2058 premeris.
1756 1986 1851 2040 Atten-

1057 2089 1121 2146 disti
1138 2088 1210 2143 enim
1231 2095 1267 2150 tc,
1280 2085 1372 2140 uidisti
1398 2091 1425 2139 te
1447 2098 1533 2146 reum,
1545 2087 1685 2150 computas
1710 2076 1851 2132 tibizillud

1057 2179 1120 2245 leci,
1133 2189 1160 2236 et
1174 2177 1295 2249 pepercit
1306 2175 1387 2239 Dens,
1402 2173 1466 2228 illud
1485 2171 1620 2236 commisi,
1634 2177 1661 2224 et
1673 2166 1779 2222 distulit
1797 2181 1851 2231 rue,

1057 2269 1233 2341 Evangelium
1244 2260 1345 2331 audiri,
1359 2274 1386 2320 et
1399 2262 1559 2334 contempsi,
1569 2261 1722 2330 baptizatus
1738 2273 1811 2323 sum,
1824 2264 1852 2312 ct

989 2407 995 2419 .
1057 2361 1155 2418 iterum
1173 2358 1207 2414 ad
1224 2359 1319 2413 eadem
1338 2355 1477 2412 revolutus
1497 2363 1567 2409 sum.
1584 2349 1654 2419 Quid
1668 2347 1758 2405 laeio?
1779 2347 1854 2402 trude

1057 2452 1160 2509 erade?
1178 2450 1284 2522 quando
1309 2449 1358 2503 ista
1383 2447 1466 2512 dieis,
1484 2446 1540 2517 inm
1563 2445 1659 2500 lremel
1677 2442 1803 2498 Christus
1825 2442 1852 2494 in

1058 2543 1140 2599 eorde
1155 2550 1213 2606 tuo,
1225 2538 1287 2610 quia
1303 2538 1369 2594 lidus
1383 2537 1482 2593 incinit.
1496 2537 1526 2591 Si
1544 2536 1611 2590 tides
1627 2537 1654 2589 in
1668 2535 1758 2598 nuliis,
1771 2533 1854 2589 Chri·

1059 2644 1116 2690 stus
1129 2633 1254 2696 innubis,
1269 2646 1334 2701 ergo
1349 2629 1415 2683 lidos
1429 2638 1474 2682 tua
1493 2627 1526 2682 de
1539 2625 1648 2682 Christo
1669 2626 1796 2681 (irristns
1810 2635 1853 2681 est

1059 2724 1086 2779 iu
1101 2722 1253 2786 cordetuo,
1269 2721 1296 2775 in
1309 2733 1376 2774 soce
1389 2717 1529 2773 frementis
1549 2724 1661 2786 apparet
1678 2731 1741 2786 spes
1761 2732 1854 2772 resur·

1059 2817 1157 2889 gentis.
1173 2814 1284 2870 Fremat
1304 2811 1440 2877 chrisma,
1454 2810 1576 2879 increpet
1598 2824 1627 2864 se
1651 2810 1742 2864 burum
1765 2808 1853 2864 Fleuit

1059 2909 1193 2974 Citristus,
1207 2905 1270 2962 deut
1284 2907 1375 2961 bomo.
1402 2903 1493 2971 Quare
1518 2903 1588 2957 enim
1615 2900 1688 2957 derit
1709 2901 1854 2957 Christus?

1059 3000 1111 3055 nisi
1125 3000 1187 3070 quin
1200 2998 1265 3055 llere
1277 2997 1416 3053 bominem
1440 2995 1542 3052 docuit.
1565 2994 1694 3049 Fremere
1719 2997 1854 3066 quodam-

1001 3135 1007 3148 .
1023 3092 1045 3154 C
1061 3091 1142 3153 modo
1160 3092 1240 3149 debet
1250 3091 1333 3146 inemo
1345 3090 1373 3145 in
1387 3087 1561 3144 accusatione
1575 3086 1707 3142 maiorum
1723 3102 1853 3157 operum,
1884 3067 1896 3090 ’

1061 3194 1090 3240 nt
1104 3184 1239 3241 uiolentim
1251 3182 1400 3254 penitendi
1419 3181 1498 3237 cedat
1521 3179 1689 3235 consuetudo
1708 3180 1852 3250 peccandi.

1058 3276 1133 3332 Dixit
1149 3291 1157 3330 z
1177 3273 1228 3335 [iti
1243 3273 1457 3346 prisciniacum?
1472 3271 1533 3328 Seis
1548 3271 1611 3342 qnia
1627 3280 1751 3326 mortuus
1767 3272 1814 3335 sit,
1826 3276 1869 3327 ct'

1060 3369 1149 3423 neseis
1160 3366 1205 3421 ubi
1220 3364 1401 3438 sitsepnltusl
1430 3363 1465 3418 Et
1479 3364 1531 3419 ista
1547 3362 1710 3435 significatio
1723 3371 1776 3428 est,
1788 3365 1853 3434 quia

1060 3458 1099 3514 sic
1113 3457 1250 3528 perditum
1260 3455 1410 3520 bominem,
1423 3454 1501 3525 quasi
1518 3453 1606 3510 nescit
1618 3453 1699 3510 Deus.
1717 3454 1790 3510 Talis
1811 3465 1854 3511 est

1059 3563 1112 3603 uox
1130 3547 1178 3602 Dei
1197 3546 1223 3601 in
1241 3545 1370 3602 Paradiso
1381 3588 1388 3613 ,
1400 3553 1579 3615 posteaquam
1605 3544 1686 3600 bomo
1708 3547 1854 3616 peccarit:

1060 3638 1156 3704 Adnue,
1169 3638 1214 3692 ull
1226 3639 1274 3694 es?
1287 3639 1385 3694 Dicunt
1399 3639 1442 3693 ei:
1457 3638 1578 3704 Domine,
1591 3637 1648 3692 oeni
1662 3646 1687 3691 et
1701 3637 1768 3692 eide.
1783 3638 1855 3705 Quid

1060 3740 1118 3798 est,
1143 3731 1222 3787 uldel
1236 3731 1377 3797 miserere,
1392 3731 1466 3786 videt
1485 3730 1558 3786 euim
1585 3730 1717 3785 Dominus
1743 3731 1855 3800 qnando

1061 3824 1214 3879 miseretur.

215 3956 380 4013 mummi
393 3972 496 4012 sumus·
511 3955 632 4011 Diversis
642 3956 714 4011 enim
727 3955 816 4012 modis
841 3970 897 4010 un,
910 3968 955 4009 ,ὅ
968 3953 1009 4009 sq.
1094 3935 1412 4015 Dieerunterqoludmi:
1426 3934 1494 3989 Ecce
1504 3935 1634 4004 qinomudo
1648 3937 1755 3990 emolat
1781 3952 1853 4003 eum,

215 4052 340 4124 gummi
367 4060 465 4124 polest·
492 4050 578 4107 nomo
599 4050 707 4120 quando
727 4047 866 4111 nascitur,
876 4045 933 4114 jam
947 4059 1009 4100 cum
1059 4035 1087 4084 et
1098 4025 1225 4093 rel.Quid
1236 4032 1287 4090 est,
1296 4024 1494 4079 amabateum?
1508 4024 1565 4079 Non
1576 4024 1637 4079 veni
1648 4022 1854 4096 voearejustns‚

217 4153 305 4200 mone
318 4145 447 4209 nascitur.
461 4144 523 4214 quia
538 4143 573 4198 de
586 4142 673 4198 Adam
683 4148 824 4212 peecatum
836 4138 930 4203 Μὴ
946 4151 1010 4193 0000
1060 4117 1107 4173 sed
1121 4125 1288 4188 peceatoms.
1304 4115 1425 4170 ilortuus
1442 4116 1493 4171 sub
1507 4115 1612 4185 lapide,
1631 4131 1694 4171 reus
1713 4119 1765 4174 sub
1784 4119 1854 4190 lege.

187 4210 193 4222 ¹
216 4235 302 4292 habes
315 4252 397 4291 uuum
411 4236 483 4291 diem
500 4235 607 4298 mortis,
616 4234 689 4303 quud
703 4234 784 4289 bomo
798 4230 881 4287 trabit
893 4230 926 4285 de
936 4245 1010 4286 naor-
1061 4211 1117 4267 ¹⁴⁰*
1142 4225 1202 4280 (1¹¹ae
1218 4209 1281 4264 ‘¹³¹³
1293 4218 1336 4264 ⁰⁸²
1346 4207 1456 4274 'fldoelsv
1471 4208 1498 4262 5¹¹
1509 4207 1598 4278 lapide
1609 4208 1714 4287 wilia
1726 4219 1779 4265 ⁰⁵1*
1791 4210 1857 4268 0¹¹¹·

215 4326 255 4380 tis
265 4327 421 4397 propagine,
434 4326 536 4381 bonde
546 4328 656 4389 crescit,
672 4322 766 4393 imppp
780 4322 908 4378 medem
922 4320 956 4375 qd
965 4336 1011 4376 pa.
1061 4317 1111 4358 nes
1124 4309 1214 4358 autem
1225 4300 1264 4356 rei
1280 4301 1330 4356 sub
1344 4299 1402 4370 lege
1414 4308 1487 4365 sunt,
1500 4299 1568 4355 bene
1578 4300 1701 4356 uiuentes
1714 4317 1775 4357 eum
1785 4302 1854 4374 lege

219 4417 335 4474 pompe„
354 4432 449 4482 annos,
472 4424 503 4471 ,η
524 4417 610 4489 legem
639 4417 728 4487 ,ψῃ
749 4414 913 4480 mmmmm,
928 4429 1008 4484 quam
1062 4393 1132 4461 Quid
1142 4401 1185 4448 est
1195 4407 1260 4462 erge
1268 4391 1383 4461 lapidem
1396 4389 1683 4447 remorerelGratiam
1693 4393 1855 4461 predicare.

213 4523 312 4564 omues
323 4507 424 4563 babent
434 4506 461 4561 in
474 4508 555 4563 corde
565 4506 648 4562 fixam
662 4523 669 4560 ε
683 4503 763 4571 Quod
775 4505 822 4559 lidi
836 4519 889 4558 oon
900 4504 950 4568 eis,
962 4502 1010 4557 elii

219 4614 251 4652 m
266 4596 367 4667 leceris,
378 4605 406 4650 et
425 4596 495 4651 bane
507 4597 595 4668 legem
616 4594 852 4667 transgrediuntur
874 4593 1008 4661 homiues,

164 4715 172 4727 ι
219 4705 284 4746 eece
301 4690 385 4745 altero
397 4690 454 4746 dics
469 4693 566 4747 mortis
578 4692 640 4748 data
655 4699 707 4756 est,
722 4690 843 4745 etetiam
857 4689 900 4744 lex
918 4689 1008 4744 disirra

220 4796 269 4850 per
289 4779 419 4837 lanarium
444 4781 492 4835 Dei
515 4781 626 4852 iloysen
646 4781 712 4836 dicit
730 4780 768 4835 illi
784 4797 791 4834 ε
807 4779 868 4833 Non
896 4780 1008 4845 drewes,

219 4889 272 4927 tlon
290 4871 468 4936 nloeclreberis,
488 4887 539 4925 oon
555 4871 651 4942 {oleum
669 4871 845 4927 testimonium
856 4870 937 4924 dices.
952 4868 1009 4925 llo-

216 4977 286 5014 nora
300 4970 399 5030 patrem
414 4970 489 5014 litum
508 4970 532 5015 el
561 4972 671 5016 matrem
690 4971 782 5027 tenen,
802 4969 855 5016 etc.
876 4960 948 5016 Ecce
966 4960 1010 5016 lex

216 5051 321 5119 scripta
333 5059 384 5115 est,
400 5058 428 5104 et
448 5051 506 5120 ipsa
528 5051 726 5114 cenomanni,
744 5065 809 5105 ecee
835 5050 933 5105 tertius
953 5050 1011 5106 dies

218 5143 328 5212 mortim
341 5141 405 5211 quid
423 5142 525 5197 restat?
548 5140 628 5197 ileuit
643 5142 829 5212 euangelium,
846 5141 906 5196 ideo
920 5142 1010 5199 littera

217 5233 279 5287 sine
300 5232 385 5302 qratia
406 5248 469 5288 teos
487 5231 613 5296 iaciebat,
634 5248 701 5303 quus
727 5233 887 5289 manicatos
920 5234 1012 5306 gratia

217 5326 362 5381 libembnt.
375 5325 542 5382 Praedimtnr
555 5326 654 5397 ubique
670 5327 809 5391 cbristus,
823 5328 944 5382 uibratur
962 5343 1011 5400 ge·

217 5417 444 5483 bononensium
467 5418 602 5487 promittit
618 5429 756 5483 aternam,
773 5419 871 5490 etipsa
891 5428 1011 5475 mutem

219 5509 309 5575 nitran,
335 5509 571 5580 transgrediuntur
593 5511 718 5566 bourines
736 5511 921 5584 Esnrigelium,
947 5529 1011 5569 ecce

219 5611 334 5665 tillarltls
358 5602 415 5658 dies
427 5602 539 5668 aaronis,
554 5603 652 5659 merito
662 5603 717 5673 jain
734 5604 820 5661 liutet,
835 5604 970 5676 Numquid
984 5615 1013 5661 et

219 5692 321 5749 talibus
348 5694 469 5768 neganda
489 5702 531 5752 est
549 5694 754 5753 nrisericontial
773 5697 855 5764 absit,
866 5707 892 5753 et
902 5696 958 5770 iarn
973 5697 1009 5754 ad

1063 4483 1132 4550 Quid
1142 4482 1287 4555 quodruce
1299 4495 1395 4550 magna
1407 4480 1533 4535 clarnauit
1546 4499 1553 4534 ι
1566 4478 1675 4543 decore,
1689 4482 1746 4534 reni
1762 4482 1858 4550 sorus?

1063 4577 1150 4646 Quam
1163 4572 1268 4630 dilbeile
1279 4573 1374 4644 sumit,
1384 4589 1464 4644 quem
1473 4572 1554 4628 moles
1563 4573 1640 4627 maim
1650 4575 1856 4633 consuetudinis

1062 4664 1173 4739 promiti
1188 4665 1243 4722 Sed
1257 4673 1347 4719 tamen
1361 4665 1457 4737 surgit,
1469 4665 1574 4722 occulta
1587 4666 1672 4736 gratia
1693 4665 1767 4724 intus
1786 4669 1855 4726 riri·

1064 4761 1160 4817 beatur
1175 4777 1181 4812 z
1197 4758 1285 4828 surgit
1297 4766 1358 4829 post
1372 4771 1465 4813 rocem
1485 4759 1768 4828 magnamsedadbuc
1788 4760 1856 4833 lipa-

1064 4853 1098 4906 tis
1111 4849 1236 4904 inanibus
1249 4856 1276 4902 ct
1290 4848 1403 4919 pedibus
1420 4863 1426 4901 :
1442 4848 1477 4902 Et
1492 4848 1571 4915 lecim
1591 4848 1664 4903 illios
1677 4851 1785 4906 sudario
1795 4862 1856 4909 ernl

1062 4941 1156 5014 lipom,
1170 4951 1260 4995 tannen
1276 4940 1348 4996 loros
1364 4938 1421 5008 jam
1447 4939 1590 5009 processit,
1612 4941 1678 5010 (prid
1701 4942 1855 5014 signilient‘l

1063 5031 1171 5103 quondo
1182 5031 1465 5096 conternuis,mnrtmrs
1473 5027 1560 5097 jaces,
1572 5032 1631 5087 etsi
1648 5041 1720 5087 torua
1733 5042 1856 5089 contem·

1064 5139 1124 5188 nos,
1138 5131 1239 5194 quanta
1252 5121 1323 5185 dixi,
1346 5121 1466 5190 sepultus
1484 5119 1572 5192 jaees;
1584 5125 1691 5193 quande
1715 5125 1856 5181 confiteris

1064 5213 1200 5285 procedis,
1211 5211 1260 5266 sed
1275 5211 1467 5266 utconlrtearis
1483 5211 1553 5267 Dens
1565 5211 1638 5278 lacit,
1651 5214 1767 5270 lrrrmnua
1788 5231 1856 5272 rece

1064 5305 1215 5372 clamando,
1228 5305 1254 5359 id
1267 5312 1319 5366 est,
1338 5319 1433 5375 magna
1448 5306 1534 5376 gratia
1548 5309 1681 5373 rncnnim
1692 5310 1738 5363 sed
1753 5318 1784 5363 ut
1798 5309 1855 5364 sni-

1064 5406 1311 5468 rerenlurpeceatn
1325 5398 1393 5468 ejus,
1406 5399 1537 5455 ministris
1552 5402 1604 5455 bue
1618 5402 1686 5455 «lixit
1700 5402 1832 5460 Dominus
1847 5420 1855 5461 τ

1066 5489 1164 5546 Solvite
1178 5488 1251 5543 illum
1263 5499 1286 5543 el
1298 5490 1469 5556 sibilensium,
1485 5490 1603 5557 inconst,
1618 5507 1785 5565 qmucunque
1798 5494 1856 5553 soi·

1063 5582 1158 5638 seritis
1172 5581 1200 5637 in
1215 5591 1298 5649 terra,
1309 5582 1395 5638 soluta
1415 5592 1494 5638 erum
1510 5592 1536 5638 et
1552 5584 1577 5638 in
1594 5584 1672 5641 cmlo.
