3810 6120
163 302 232 363 tuos
412 284 415 289 '
837 297 865 353 s.
887 294 953 354 teu
973 298 1063 354 riri
1083 294 1125 354 iit.
1730 276 1799 355 imit

161 414 344 483 lesullhristi,
361 416 388 473 in
398 417 454 487 jain
466 413 537 473 dicta
549 412 662 473 basilica
673 413 745 469 beati
759 412 832 467 l‘etri
839 413 952 494 apostoli
967 413 1158 481 Aparimento
1169 411 1328 467 iiiiirmoreis
1342 411 1473 482 exemplis
1484 411 1590 477 stratis,
1607 425 1667 466 ema
1689 412 1801 469 entem

160 505 255 548 minues
265 489 362 544 itenim
376 487 531 570 congregati
542 495 615 551 sunt,
626 493 654 541 et
667 482 900 539 tuncrenerabilis
912 482 952 538 al·
1004 481 1101 552 amplis
1113 482 1243 545 aediliciis,
1258 490 1314 535 tam
1329 482 1356 536 iii
1368 495 1481 537 ascensii
1495 481 1576 535 scale
1585 496 1725 551 quamque
1735 492 1798 553 pest

160 559 267 618 mitem
280 557 402 630 pontifex
415 559 540 614 manibus
553 556 608 611 suis
621 570 670 625 pro
688 553 738 609 riis
757 551 951 624 pretiosissima
1003 551 1090 619 ipsum
1104 551 1255 606 triclinenm
1270 561 1377 622 compte
1387 551 1461 605 lecit.
1478 550 1598 621 ltemipie
1609 549 1675 607 iecit
1687 552 1717 607 in
1726 555 1801 609 bam·-

159 644 261 688 corona
275 628 483 685 coronariteum
496 624 634 700 [carolum
652 568 799 696 liiignuml.
1002 621 1052 676 lira
1066 621 1137 677 beati
1155 622 1226 676 l‘etri
1249 621 1362 692 apostoli
1375 629 1478 675 restem
1504 621 1711 691 chrysoclabam
1733 638 1798 680 oum

195 698 273 755 Tune
286 698 406 753 universi
422 697 514 753 llileles
527 695 641 751 llomani
653 695 776 749 ridentes
789 699 890 748 tantam
905 692 952 749 de-
1002 693 1128 762 pretinsis
1139 692 1252 762 gemmis
1267 701 1392 745 ornatam
1408 692 1551 745 habentem
1576 692 1719 747 historiam
1743 692 1797 749 Do-

160 769 309 827 lensionem
322 775 350 821 et
364 767 534 823 dilectionem
545 780 625 836 quam
640 779 703 837 erga
717 772 840 818 sanctam
851 762 950 817 Ruina·
1002 762 1109 816 minicia.
1132 761 1346 815 resurrectionis.
1362 760 1416 815 Sed
1434 768 1463 814 et
1489 760 1562 814 inter
1587 777 1670 816 aeirus
1696 777 1797 833 argen-

159 855 222 894 nam
241 838 389 893 Ecclesiam
399 846 426 892 et
447 838 506 908 ejus
516 836 646 892 vicarium
670 835 772 898 babuit,
787 832 952 887 unanimiter
1002 839 1059 885 teos
1073 830 1130 884 reia
1143 830 1228 885 seriei
1244 830 1346 885 :illinet
1362 831 1420 885 vela
1445 831 1478 885 de
1491 838 1618 885 staurare
1641 831 1797 900 pulcherri-

158 910 272 965 altisoua
297 922 374 965 rece.
395 907 442 961 Dei
469 914 534 961 iiutu
559 905 721 975 atquebeati
735 902 807 959 Petri
822 902 949 973 clavigeri
1002 916 1055 954 nia.
1070 900 1135 955 Post
1151 900 1331 955 reversionem
1343 915 1430 964 suam,
1443 908 1471 954 et
1488 900 1648 956 obiiiiniiim
1672 916 1796 957 artiorem

159 980 234 1051 regni
249 976 380 1034 ciclorum
390 978 609 1031 exclamaverunt
624 994 629 1028 :
653 973 748 1027 Coreto
767 974 885 1043 piissimo
898 974 951 1025 Αιι-
1000 969 1065 1025 lecit
1078 971 1167 1025 eidem
1190 971 1315 1025 nutritori
1341 986 1391 1025 suo
1408 971 1606 1040 presbyterium
1620 972 1732 1026 noviter
1756 981 1797 1027 tn·

158 1059 233 1119 gasto
249 1066 265 1102 o
283 1047 335 1101 lieo
350 1057 602 1116 roromito,miigno,
616 1045 725 1115 priciyico
739 1043 949 1112 irriperiitoririto
1001 1048 1058 1095 ttim
1084 1055 1265 1094 marmoreum
1288 1056 1392 1106 magnae
1417 1040 1619 1114 pulcritudinis,
1642 1041 1798 1112 sculptum,

158 1131 182 1173 er
198 1118 316 1172 inermia.
1000 1120 1160 1180 compteque
1173 1118 1303 1165 erectum.
1319 1109 1373 1165 Sed
1391 1119 1418 1165 et
1435 1122 1518 1179 super
1527 1110 1614 1165 altare
1628 1110 1722 1180 maius
1730 1110 1797 1167 lecit

120 1196 123 1202 ·
193 1188 264 1242 tliite
286 1201 390 1241 sacram
416 1183 613 1240 consessionem
639 1182 708 1236 beati
733 1181 804 1236 l’etri
835 1180 948 1253 apostoli
1002 1181 1129 1235 tetrarela
1144 1180 1295 1235 liiiloserica
1308 1180 1419 1235 alithina
1438 1189 1556 1249 quatuor
1565 1195 1629 1235 raim
1649 1181 1796 1239 astillisst

156 1258 248 1328 plures
264 1265 373 1311 sanctos
384 1256 549 1316 invocantes,
566 1262 608 1309 ter
622 1254 722 1307 dietum
740 1262 791 1314 rs',
808 1261 834 1305 et
847 1253 880 1304 ali
891 1268 949 1305 oin·
1000 1255 1070 1305 rosis
1085 1250 1277 1321 clirysoelaliis.

158 1329 236 1383 iiiliiis
247 1326 408 1381 constitutus
423 1333 465 1379 est
491 1322 845 1393 imperaturlimitanei-um.
875 1322 948 1376 illico
1035 1321 1107 1375 Etin
1133 1321 1227 1375 eodem
1247 1320 1327 1374 altari
1347 1317 1413 1373 lecit
1434 1334 1497 1375 enm
1521 1318 1643 1444 lzstoriis
1665 1320 1796 1379 aarum}

157 1398 345 1452 sanctissimus
365 1396 478 1449 antistes
504 1403 530 1448 et
551 1392 671 1463 poiitileit
687 1394 763 1446 nuxit
781 1392 841 1445 oleo
853 1399 948 1445 sancto
1000 1390 1104 1444 Domini
1117 1398 1218 1445 restem
1232 1389 1350 1460 Tyriam.
1368 1389 1402 1443 Et
1414 1389 1441 1443 in
1455 1389 1528 1446 eccle
1554 1391 1704 1447 adoetorls
1715 1406 1796 1447 mni»

155 1462 280 1522 Cat-olum
298 1475 326 1520 ct
348 1464 602 1519 excellentissimum
626 1463 710 1517 liliiiin
733 1463 791 1533 ejas
818 1477 906 1531 regem
921 1460 948 1516 iti
999 1459 1026 1515 di
1037 1460 1108 1515 beati
1125 1460 1200 1515 Pauli
1224 1459 1338 1530 apostoli
1359 1460 1488 1515 tetrarela
1502 1460 1653 1517 holoserica
1675 1461 1795 1519 alithin

157 1539 215 1608 ipso
230 1535 384 1591 dienatalis
399 1534 505 1589 Duiiiiiii
522 1534 606 1587 nostri
622 1534 685 1587 lesu
699 1532 811 1595 Christi,
823 1539 851 1584 et
865 1531 947 1585 inissa
999 1538 1125 1599 quatuor,
1142 1538 1170 1585 ct
1188 1541 1292 1585 restem
1304 1544 1387 1599 super
1407 1528 1492 1585 altare
1516 1530 1606 1585 albani
1633 1531 1793 1602 chrysocla-

155 1615 269 1677 peraeta
279 1606 318 1677 (a)
328 1612 389 1675 post
402 1604 611 1659 celebrationem
625 1604 768 1657 missarum
785 1599 948 1673 obtulitipse
998 1600 1060 1654 bam
1078 1600 1222 1654 habentem
1238 1600 1379 1655 historiam
1399 1607 1501 1656 stinctae
1519 1602 1741 1659 resurrectionis.
1757 1602 1793 1658 Et

155 1677 345 1731 serenissimus
357 1673 472 1728 ditiuiins
496 1674 644 1743 imperator
654 1687 775 1727 inensam
790 1680 947 1740 argenteam
998 1668 1078 1722 aliam
1091 1678 1193 1723 restent
1207 1671 1394 1741 chysoeltilmm
1416 1672 1559 1727 habentem
1574 1671 1719 1729 historiam
1739 1688 1790 1728 ria·

154 1762 216 1802 cum
224 1744 337 1816 pedibus
348 1745 405 1799 suis
416 1752 575 1813 pensantem
591 1742 675 1796 libras
678 1781 732 1796 .....
999 1739 1112 1793 tiritatis
1124 1739 1240 1803 Domini,
1257 1748 1285 1795 et
1305 1748 1461 1795 sauctorum
1473 1740 1671 1796 innocentium.
1682 1741 1741 1798 lino
1758 1755 1789 1799 et

190 1814 284 1871 Sedet
298 1815 324 1869 in
339 1812 507 1870 confessione
524 1813 644 1882 eiusdem
667 1788 984 1881 lieiapostiiliolitiilitB
999 1808 1079 1862 aliam
1111 1818 1215 1864 resteiu
1239 1808 1349 1879 Tyriam
1373 1810 1519 1865 habentem
1549 1812 1694 1867 historiam
1723 1816 1792 1869 emt-i

153 1900 208 1941 una
221 1901 283 1940 eum
296 1882 544 1955 praecellentissimo
561 1882 616 1935 lilio
644 1896 694 1937 suo
720 1896 782 1962 rege
798 1889 825 1933 et
839 1880 946 1933 lllialius
997 1876 1139 1933 illuminati
1150 1886 1178 1933 et
1192 1881 1434 1935 resurrectionem·
1445 1880 1517 1935 ldeni
1530 1890 1621 1936 autem
1645 1882 1790 1937 sant-tissi-

154 1957 337 2012 dirersavasa
352 1971 384 2009 es
404 1968 471 2008 auro
485 1952 629 2022 purissimo
643 1951 670 2005 iii
691 1950 841 2005 ministerio
862 1949 947 2018 ipsius
997 1963 1057 2003 mus
1071 1950 1169 2019 praesul
1190 1949 1255 2003 lecit
1276 1951 1303 2004 in
1318 1948 1437 2006 basilien
1459 1950 1549 2005 Βιιιιι
1563 1950 1704 2005 ilariacad
1717 1952 1789 2007 Prae·

155 2041 255 2083 meiisae
269 2025 409 2097 pensantis
422 2024 505 2079 libras
509 2061 563 2077 .....
580 2021 674 2077 Sedet
689 2035 817 2075 eoronam
835 2032 944 2072 auream
997 2032 1061 2089 sepe
1078 2030 1182 2074 restent
1209 2019 1296 2073 albam
1323 2019 1520 2076 chrisoclabam
1535 2020 1680 2075 habentem
1704 2021 1789 2077 liiste·

153 2093 515 2167 eiimgeminisinajoribiis,
545 2107 606 2162 qum
628 2092 727 2163 pendet
749 2104 830 2158 snper
849 2088 944 2153 aliare,
998 2090 1064 2143 riam
1087 2098 1187 2144 sancte
1209 2089 1425 2144 resurrectionis.
1452 2089 1504 2144 Sed
1531 2090 1610 2144 aliani
1633 2090 1739 2146 restem
1760 2092 1790 2147 iii

152 2174 312 2235 pensantem
327 2165 410 2220 libras
422 2162 752 2235 qiiiiiqiiagintaquiuque.
770 2160 803 2213 Et
819 2167 945 2229 patenam
996 2160 1124 2214 orbiculis
1140 2158 1323 2229 clirysnelabis
1343 2161 1486 2214 habentem
1504 2161 1631 2215 historias
1642 2162 1788 2217 annueba-

152 2250 265 2291 auream
282 2233 411 2303 majorem
438 2248 498 2289 cuni
521 2232 635 2303 primnis
649 2231 763 2285 dirersis
786 2238 945 2300 pensantem
996 2229 1077 2282 tionis
1091 2238 1119 2283 et
1135 2239 1291 2283 sanctorum
1308 2228 1430 2284 loaehim
1444 2239 1472 2283 et
1486 2230 1580 2285 ilniim.
1603 2230 1681 2285 Fecit
1694 2231 1723 2285 iii
1743 2246 1788 2287 ec·

153 2306 236 2362 libras
251 2304 286 2360 tri
306 2305 372 2359 inta.
400 2305 434 2358 Et
458 2304 571 2358 calicem
589 2300 718 2371 majorem
743 2300 944 2368 eiimgeinmis,
995 2299 1078 2352 elesia
1091 2300 1162 2354 beati
1176 2299 1313 2354 Laurentii
1329 2298 1395 2355 loris
1411 2315 1505 2354 muros
1524 2301 1595 2354 idem
1619 2301 1720 2371 prmsul
1742 2317 1788 2357 re»

152 2384 180 2431 et
191 2374 265 2431 ansis
285 2321 389 2429 imbus
403 2381 562 2456 pensantem
575 2370 657 2427 libras
668 2370 943 2493 qiimquagrgiitaocto.
995 2375 1064 2422 stem
1079 2368 1167 2423 albam
1181 2378 1298 2424 rosatain
1313 2384 1375 2424 euin
1388 2370 1562 2441 ebysoelabo.
1585 2370 1639 2425 Sed
1651 2380 1683 2426 et
1705 2372 1786 2427 aliani

152 2445 219 2501 ltein
234 2444 347 2501 calicem
359 2459 488 2514 maiorem
502 2441 642 2497 fundatum
656 2456 718 2497 cuin
731 2454 796 2511 scyp
815 2454 867 2493 one
879 2453 945 2509 pen·
995 2446 1097 2492 vestem
1109 2453 1189 2509 snper
1199 2447 1322 2494 sanetum
1337 2454 1436 2509 tisipiis
1448 2440 1506 2508 ejus
1521 2439 1609 2495 albam
1621 2442 1789 2497 destaunei

152 2523 257 2571 saiiteni
271 2514 354 2569 libras
366 2515 400 2568 tri
419 2514 477 2568 iata
497 2519 525 2569 et
538 2518 651 2581 septem.
682 2509 739 2564 lino
760 2519 788 2564 et
802 2508 885 2563 alium
900 2524 945 2564 ca·
994 2509 1198 2579 chrysoclaliam
1222 2524 1283 2564 euni
1297 2524 1356 2563 mai·
1374 2510 1461 2565 aritis.
1475 2510 1509 2565 Et
1530 2510 1558 2563 in
1581 2510 1661 2565 titido
1686 2512 1785 2567 calisti

153 2587 231 2641 licem
243 2584 374 2655 majorem
398 2531 538 2639 Dumium
550 2589 710 2653 pensantem
730 2580 814 2637 libras
832 2578 944 2649 triginta
993 2588 1095 2659 restem
1106 2525 1479 2649 elirysiirlabameniilatthin
1490 2579 1626 2650 Dyzantoo
1638 2581 1786 2637 habentem

152 2663 238 2711 θηρὶ
994 2646 1139 2702 liistoriam
1161 2649 1311 2703 nativitatis
1338 2650 1445 2705 Doinini
1472 2660 1499 2703 et
1523 2650 1611 2705 saneti
1635 2649 1783 2707 Simeonis·

185 2723 289 2782 obtulit
309 2730 337 2778 et
353 2738 434 2795 nuper
448 2722 665 2778 sacratissimum
690 2720 776 2777 altare
801 2720 873 2777 boati
893 2723 944 2779 Pe-
991 2716 1059 2772 ltem
1071 2718 1101 2772 in
1113 2718 1225 2773 ecclesia
1240 2720 1325 2774 saneti
1337 2719 1589 2775 Pancratiirsstem
1607 2720 1719 2792 Tyriam
1736 2721 1784 2776 ba·

152 2795 186 2853 tri
207 2793 321 2867 apostoli
345 2793 399 2849 imo
419 2801 446 2849 et
460 2794 488 2848 iii
511 2792 622 2849 basilica
645 2793 717 2848 beati
729 2792 806 2847 Pauli
829 2808 844 2846 a
881 2793 942 2849 stoli
992 2787 1103 2842 lientcm
1126 2789 1267 2844 historiam
1293 2790 1459 2844 ascensionis
1486 2789 1606 2857 Domini,
1629 2790 1680 2847 sed
1703 2799 1732 2845 et
1756 2792 1784 2846 in

151 2880 273 2923 mensam
287 2872 441 2936 argenteam
457 2864 589 2918 minorem
607 2878 669 2918 eum
681 2862 793 2933 pedibus
807 2876 863 2917 suis
877 2878 943 2934 pen-
993 2854 1092 2912 Sancta
1104 2857 1187 2913 llaria
1201 2859 1235 2913 ad
1259 2859 1390 2931 llartyies
1403 2858 1468 2916 iecit
1493 2870 1597 2917 restem
1620 2861 1734 2933 Tyriam
1754 2873 1784 2918 nt

150 2947 259 3005 sautem
270 2933 355 2991 libras
366 2933 560 3005 quinquaginta
581 2940 609 2988 et
620 2932 739 3017 quinque
750 2946 812 2987 enm
827 2932 942 2990 dirersis
992 2940 1084 3010 supra.
1097 2926 1132 2982 lit
1150 2929 1177 2983 in
1199 2928 1277 3011 titulo
1289 2937 1390 2985 sanem
1415 2930 1523 2986 Sabinae
1537 2939 1568 2986 ut
1584 2944 1681 3002 snpra.
1703 2931 1737 2986 lit
1756 2932 1784 2987 iii

150 3007 223 3062 rasis
246 3004 383 3074 argenteis
397 3005 472 3057 mirae
494 3003 778 3075 magnitudinisque
802 3002 836 3058 ad
862 3018 942 3059 usum
991 2995 1114 3053 diaconio
1128 2997 1362 3055 saorttBonilaeii
1379 3008 1410 3054 iit
1432 3016 1523 3072 supra.
1549 3001 1584 3055 ttt
1606 3000 1633 3056 in
1658 3002 1783 3058 diaconia

150 3078 235 3145 ipsius
247 3089 347 3129 niensae
359 3074 510 3145 pertinent:
991 3075 1092 3123 emotae
1104 3066 1205 3135 Mariae,
1215 3083 1275 3139 quae
1285 3078 1399 3125 vocatur
1420 3070 1558 3126 cosmidin
1572 3079 1604 3126 iit
1632 3086 1727 3142 supra.
1750 3071 1785 3127 Tit

184 3144 249 3199 ltom
263 3145 294 3197 iit
318 3142 430 3197 basilica
456 3138 605 3196 Salvatorls
629 3138 737 3194 Domini
753 3141 841 3195 nostrl
861 3139 937 3207 lesu,
952 3134 975 3199 C
992 3136 1019 3190 ln
1034 3136 1146 3194 Militi
1164 3148 1320 3195 unctorum
1335 3138 1481 3197 emineat
1493 3139 1617 3196 Drmlani
1638 3140 1705 3197 lesit
1733 3154 1784 3197 rs·

149 3228 235 3283 quatu
248 3211 499 3267 Constantinianum
515 3216 623 3274 vocant,
638 3208 859 3265 olititliterueettt
875 3226 938 3267 cum
990 3214 1059 3262 stom
1073 3208 1112 3264 de
1127 3207 1245 3264 bhtiltltr
1255 3208 1471 3293 Dyunteeeum
1545 3210 1551 3223 “
1580 3210 1621 3284 yei
1646 3213 1683 3267 de
1702 3212 1785 3283 olley

167 3280 469 3351 emmisliyarintliinis,
497 3294 577 3349 quam
603 3278 736 3335 almiltens
761 3278 885 3350 pontilex
910 3280 939 3336 ln
988 3275 1434 3351 seelaboettttargaritts.ltetnlii
1535 3281 1542 3296 ‘
1582 3281 1671 3337 madi
1687 3282 1784 3339 Taln-

149 3300 242 3409 innita
263 3351 415 3433 precedere
443 3350 584 3405 constituit
611 3349 758 3405 seeundum
780 3350 939 3420 petitionem
988 3344 1228 3404 minstresteni
1242 3350 1587 3433 chrysoeliham,stalian
1601 3350 1783 3408 mutere

148 3424 232 3493 ipsius
253 3420 371 3491 piissimi
386 3419 566 3491 imperatoris.
589 3418 685 3474 linoct
708 3419 792 3474 altare
805 3435 869 3475 eom
892 3436 939 3477 eo·
988 3414 1149 3474 rotundato
1197 3419 1380 3476 lclierriman.
1397 3421 1782 3481 sttnttseoiitaaaiietm

147 3492 247 3549 lamnis
260 3490 406 3561 argenteis,
419 3501 449 3546 et
461 3491 581 3562 cyborio.
988 3484 1069 3543 Nerei
1080 3495 1110 3542 et
1119 3489 1159 3544 ile
1179 3489 1233 3545 illei
1245 3489 1309 3546 lesit
1320 3499 1423 3547 restem
1432 3490 1468 3548 tle
1477 3494 1607 3548 stauraci
1621 3493 1659 3554 Et
1670 3494 1698 3548 ln
1720 3492 1783 3547 dia·

182 3562 378 3621 verumetiam
392 3568 421 3616 et
437 3560 605 3633 evangelium
625 3575 660 3616 ex
672 3573 740 3614 auro
758 3557 938 3617 mundissimo
987 3557 1067 3614 conia
1079 3556 1186 3615 Sancte
1198 3560 1245 3616 Dei
1256 3559 1414 3628 Genltricis,
1429 3576 1490 3633 qum
1502 3572 1616 3619 roratur
1627 3562 1784 3628 Donffles,

146 3648 208 3689 eom
220 3631 471 3702 gemmtsomatnm
487 3645 605 3700 pensans
615 3629 698 3684 libras
700 3667 755 3684 .....
772 3628 838 3686 Ιιιιιι
863 3638 891 3685 et
908 3631 938 3686 in
990 3624 1054 3682 lecit
1069 3638 1171 3685 restem
1186 3630 1359 3687 mennaei.
1384 3631 1444 3704 lpse
1465 3644 1533 3689 vero
1544 3632 1783 3705 alniilciieponti·

146 3701 258 3757 basilica
282 3698 372 3755 Beate
396 3700 444 3755 Dei
469 3698 621 3755 Genitrieis
643 3698 734 3754 llariae
755 3700 790 3755 ad
812 3699 938 3773 Deesepe
987 3695 1071 3752 lexin
1085 3701 1409 3758 venerabilimonasterio
1425 3705 1513 3760 saneti
1535 3702 1614 3759 Sabo
1639 3703 1706 3760 lecit
1727 3702 1779 3759 bu-

146 3767 326 3827 obtulitsiela
350 3778 477 3843 argentea
504 3770 608 3825 ma'ora
631 3769 772 3840 persantla
794 3768 879 3826 libras
880 3809 936 3827 .....
989 3774 1132 3824 troneina
1181 3778 1273 3826 iitennt
1300 3786 1364 3827 cum
1391 3775 1513 3830 mnbtro
1538 3788 1589 3830 suo
1618 3780 1782 3847 pensantem

146 3838 324 3897 rmtnmdum
341 3854 405 3897 rem
424 3838 521 3896 eumd
558 3838 613 3895 uetl
635 3839 751 3895 inissem
774 3839 812 3897 inl
850 3840 936 3899 issimi
987 3835 1101 3895 lbrastl
1187 3839 1233 3895 ’m
1260 3840 1410 3899 Etrestem
1425 3844 1676 3901 minimatum
1699 3845 1778 3915 ebiy·

145 3911 183 3967 illi
197 3908 396 3976 nannenten,
410 3909 534 3966 videlieet
553 3909 691 3965 Pasebalis
715 3924 777 3965 eniri
843 3910 937 3982 mpulo
987 3908 1310 3981 sociaroetmargaritis.
1326 3912 1391 3968 ltem
1406 3922 1434 3970 et
1449 3916 1476 3970 iii
1499 3914 1667 3971 monasterio
1690 3914 1778 3969 saneti

144 3990 172 4038 et
187 3995 318 4050 sequaces
331 3994 425 4035 eornm
440 3979 621 4050 inpraesentia
658 3979 754 4035 tissimi
769 3980 861 4036 domni
886 3983 937 4036 im·
987 3977 1169 4035 Erasniileeit
1187 3989 1289 4036 vestem
1305 3983 1338 4038 de
1356 3986 1472 4042 stauraci
1488 3999 1654 4048 euuieruee,
1678 3996 1708 4039 et
1731 4000 1777 4055 gs·

178 4051 300 4113 satoris,
318 4051 556 4107 circumstantibus
577 3992 751 4105 nobilissimis
772 4049 885 4105 francis
909 4064 937 4107 et
986 4050 1094 4109 madiis.
1111 4050 1190 4111 simiil
1201 4060 1229 4106 et
1242 4057 1422 4126 paratrapetis
1436 4057 1492 4113 suis
1515 4071 1577 4112 eum
1594 4054 1725 4125 periclysi
1745 4055 1778 4107 de

170 4121 325 4185 onianis,et
337 4121 463 4176 oniiiibus
480 4120 708 4191 exprobrantibus
722 4119 755 4175 de
776 4120 855 4176 malis
867 4122 937 4193 ipso-
986 4120 1172 4189 chrysoclavo.
1196 4120 1390 4179 verumetiam
1417 4135 1444 4181 et
1465 4128 1493 4181 in
1506 4125 1585 4181 titulo
1607 4124 1778 4179 l’iimiiiaeliii

145 4207 204 4246 rum
219 4190 597 4261 consiliisetoperationibus,
615 4190 777 4260 increpabat
789 4190 936 4261 canipulus
986 4187 1052 4243 lectt
1062 4200 1150 4245 restes
1162 4191 1238 4255 duas,
1269 4208 1302 4247 ex
1316 4195 1414 4263 quibas
1427 4197 1554 4251 unaintle
1575 4195 1697 4251 smumei
1716 4209 1779 4249 enni

144 4260 302 4319 Pascbalem
327 4262 441 4316 dicendo
458 4276 465 4314 τ
482 4259 551 4320 llala
574 4260 641 4315 liora
668 4258 765 4315 laclem
779 4268 853 4314 tuam
868 4260 934 4327 riall,
1004 4260 1113 4332 erielysi
1122 4261 1155 4316 de
1165 4262 1349 4333 chrysoclavo.
1361 4264 1486 4320 Etaliam
1499 4264 1775 4322 reetemtleiiulrinm

143 4332 260 4413 eoqiioil
273 4344 300 4390 tii
313 4348 357 4387 iiie
374 4331 469 4386 misisti
484 4331 597 4385 iitistiid
610 4329 777 4400 perieulum3
800 4338 828 4385 et
843 4334 934 4387 ceteri
985 4274 1064 4399 Saepe
1094 4332 1181 4387 dictus
1212 4347 1276 4387 rero
1302 4336 1415 4390 antistes
1438 4336 1628 4391 sanctissimus
1654 4334 1781 4390 eoelesiae

143 4401 279 4467 sitiriliter,
292 4416 363 4459 unus
389 4400 503 4456 alterum
525 4402 707 4456 condemnans
727 4400 935 4457 manitestabani
985 4399 1057 4454 beati
1070 4399 1184 4457 nnumin
1197 4403 1311 4473 apostoli
1332 4406 1392 4460 sitae
1412 4406 1440 4460 iii
1462 4407 1602 4462 tricesimo
1621 4407 1666 4461 ria
1691 4404 1776 4475 appu

143 4487 206 4529 suos
216 4471 336 4540 ipsorum
349 4480 450 4527 reatus.
464 4470 538 4537 Quos
551 4468 615 4525 dnm
627 4477 681 4524 tani
703 4470 826 4525 crudeles
838 4479 866 4525 et
882 4472 933 4527 ini·
948 4494 972 4555 D
985 4469 1012 4522 ia
1039 4470 1137 4526 Seilice
1164 4480 1323 4527 sartatecta
1348 4477 1455 4530 rioriter
1471 4477 1613 4532 renovarit
1637 4490 1694 4530 una
1715 4490 1775 4530 oiiiu

143 4558 212 4613 qiios
239 4542 358 4599 lissimus
373 4540 708 4611 imperatorcoguorisset,
724 4541 752 4594 in
762 4542 888 4594 exsilium
903 4542 932 4595 ln
985 4540 1144 4611 baptisterio
1160 4550 1187 4595 et
1199 4543 1314 4612 porticu.
1330 4545 1359 4599 ln
1373 4561 1425 4615 ipra
1444 4546 1558 4602 eeclesia
1574 4546 1778 4617 presbyterium

142 4559 265 4680 partiens
280 4612 402 4668 Franciac
415 4611 497 4666 misit.
517 4609 649 4665 Praelatus
667 4624 731 4665 vero
745 4611 932 4666 sanctissimus
984 4611 1135 4677 constituit,
1147 4611 1193 4665 ubi
1204 4621 1232 4666 et
1246 4613 1315 4667 dona
1326 4616 1423 4670 obtulit
1435 4624 1490 4670 tain
1503 4616 1529 4671 in
1546 4626 1664 4689 argente
1680 4628 1776 4685 qnam-

141 4680 264 4760 poiitileit
285 4681 363 4751 jutta
388 4680 617 4736 ecclcsiamlieiti
631 4678 704 4735 Petri
727 4681 843 4751 apastoli
867 4679 933 4737 lecit
984 4682 1073 4747 quein
1091 4681 1221 4746 restibus,
1232 4689 1259 4736 et
1284 4684 1372 4740 libris.
1387 4686 1424 4755 (bl
1447 4686 1603 4742 Νοιιιιιιιι
1628 4686 1779 4740 indiminute

142 4767 169 4805 iii
198 4752 322 4809 triclineo
346 4750 442 4820 majori
462 4751 537 4807 mira
555 4750 763 4821 pulchritudinis
777 4750 931 4805 decoratam
984 4746 1073 4821 [Anno
1096 4749 1165 4823 titt]
1188 4753 1430 4823 peccatisnostris
1452 4757 1661 4812 imminentibus
1686 4755 1774 4811 subito

142 4821 264 4877 absidam
278 4823 311 4879 de
329 4823 434 4879 musivo
445 4830 568 4877 ornatam
593 4828 621 4875 et
635 4820 746 4874 absidas
757 4821 825 4875 ‹luas
838 4821 931 4875 dextra
984 4828 1153 4875 terremotus
1170 4821 1257 4876 laetus
1268 4825 1354 4892 pridie
1368 4826 1588 4893 liniendasllaii,
1609 4835 1648 4880 et·
1660 4824 1773 4881 ecelesia

142 4890 499 4964 lanaquesupermarmore
512 4898 539 4946 et
552 4890 657 4961 pictura
671 4889 851 4961 splendentes,
864 4890 930 4945 etin
984 4887 1065 4944 beati.
1086 4889 1160 4946 Pauli
1180 4893 1294 4963 apmstoli
1317 4895 1421 4965 abipso
1448 4904 1606 4953 terremotu
1631 4910 1772 4955 concussa.

117 5072 123 5083 .
178 5020 205 5095 (o
233 5019 296 5079 Post
313 5023 509 5083 celebrationem
522 5026 674 5081 missorum.
689 5020 845 5081 Oblationes
865 5040 933 5095 quas
987 5023 1264 5079 tiismaiimnslaetus
1277 5035 1328 5090 est,
1341 5036 1370 5083 et
1384 5036 1439 5084 tota
1451 5028 1773 5101 ltaliagravlterrnucus

141 5094 194 5149 lioe
275 5093 405 5149 describit
418 5093 579 5151 Anastasius
596 5092 931 5159 ,Carolusllomanisba-
986 5110 1015 5148 sa
1031 5104 1082 5149 est.
1097 5093 1526 5161 Qiioeitaintenaenmn‘ttnine
1541 5108 1646 5154 tectum
1655 5096 1772 5154 basiliae

141 5162 228 5219 silicis
241 5160 336 5217 obtulit
350 5175 422 5218 anno
432 5163 540 5219 Domini
550 5164 611 5227 880,
624 5163 668 5219 rel
680 5164 704 5220 si
716 5181 731 5219 a
743 5164 826 5219 natali
840 5166 932 5222 Domi·
986 5165 1070 5221 saneti
1086 5163 1160 5218 Pauli
1173 5166 1286 5235 apostoli
1299 5182 1396 5239 magna
1409 5182 1443 5225 es
1457 5178 1534 5239 parte
1544 5167 1678 5225 cummis
1693 5164 1772 5222 tiabi-

142 5234 170 5289 iii
185 5248 245 5289 com
265 5240 341 5287 iitaire
359 5232 482 5301 incipias,
495 5248 567 5289 anno
579 5234 686 5292 Domini
707 5232 769 5291 sot.
789 5234 853 5291 Ser.
869 5235 930 5292 Din.
985 5233 1036 5289 bus
1049 5234 1162 5298 decidit,
1170 5243 1200 5290 et
1220 5236 1247 5289 ln
1262 5239 1421 5305 quibusdam
1433 5239 1502 5294 locis
1512 5240 1604 5295 urbes
1612 5246 1771 5307 mentm

176 5302 234 5375 (ili
253 5320 303 5358 orio
316 5318 375 5357 rere
384 5301 525 5356 indictione
534 5306 647 5374 peccetis
662 5306 759 5361 ιιιιιιίι
773 5306 933 5361 imminenti·
986 5311 1109 5368 ruerunt,
1120 5314 1174 5359 etc.
1191 5324 1201 5357 ι
1215 5305 1281 5372 Qum
1300 5318 1459 5364 ornamenta
1467 5322 1576 5378 duasve
1596 5303 1770 5381 imperim&

140 5368 646 5443 durabitotemirnwtmloitmpridie
655 5370 791 5430 Kalendas
805 5374 932 5439 llnii,ec-
984 5375 1141 5444 praedictam
1162 5377 1248 5431 sancti
1267 5374 1343 5432 Pauli
1370 5379 1508 5434 basilicam
1535 5380 1660 5450 aliasque
1683 5376 1772 5448 pteris

140 5440 220 5499 eletio
237 5442 312 5497 Deoti
334 5438 491 5508 Portibcte.
504 5438 567 5498 Dete
581 5442 680 5499 caelent
689 5445 801 5500 annales
811 5443 931 5501 Franco·
981 5444 1175 5500 restaurandas
1188 5483 1196 5509 ,
1209 5447 1384 5514 augendaset
1403 5451 1576 5505 momandas
1591 5458 1656 5521 post
1681 5458 1771 5503 terrr-

140 5524 202 5571 riim
215 5512 243 5570 ln
257 5512 317 5570 Vita
330 5510 599 5586 cimttttagntaniio
609 5510 657 5567 sut
671 5512 714 5569 bis
726 5516 818 5571 serbis
829 5515 931 5571 descri—
981 5526 1084 5569 motum
1097 5514 1253 5583 contulerit,
1275 5516 1435 5575 Anastasius
1446 5518 1556 5602 prolixe
1564 5526 1693 5576 enarrat.
1710 5516 1771 5585 0oe

140 5580 209 5639 bunt
228 5601 235 5636 ε
257 5581 741 5657 ‹Carolusllagnusimperatorseptl
772 5584 930 5641 ollalendas
980 5598 1046 5638 vero
1069 5591 1134 5639 ante
1148 5591 1332 5643 terraemotum
1356 5588 1479 5645 ecelesiis
1503 5603 1520 5645 a
1542 5592 1678 5660 pontitlee
1701 5584 1771 5643 ebla-

134 5649 225 5729 llaias
239 5653 477 5725 Dema-proiectus
490 5652 627 5726 Spoletiim
644 5654 727 5719 venit,
781 5656 844 5709 dum
856 5666 930 5711 esset
981 5663 1007 5707 tn
1022 5664 1234 5722 commemorat,
1249 5657 1349 5714 obtulit
1358 5659 1430 5716 idem
1449 5661 1559 5731 quando
1573 5676 1610 5718 en
1624 5656 1772 5719 semna

129 5717 177 5787 ibi,
183 5722 490 5793 pridiellalendasllaii
499 5726 929 5784 horanoetisseenndaterraemo·
980 5738 1106 5779 resersus
1119 5723 1222 5782 inbset.
1237 5725 1277 5783 lii.
1539 5752 1542 5759 ·
