3810 6120
107 306 145 364 bi
519 302 778 360 calumniosus
795 302 829 358 tn'
848 301 1038 360 nulsuobas
1057 303 1101 360 ET
1121 304 1328 362 avelluntur.
1701 310 1738 369 88

107 435 164 479 non
175 417 323 480 sedentem,
340 415 499 473 stabulaum
512 423 632 487 martyre
644 431 703 477 suo,
718 421 746 469 ct
759 413 894 484 pugnabat
907 413 932 473 Α
946 413 1087 467 surrexisti
1109 421 1140 468 ut
1156 428 1198 468 me
1215 414 1367 469 venientem
1384 414 1537 485 susciperes
1550 424 1577 471 et
1597 418 1736 489 amplexa-

107 510 188 582 quasi
200 508 226 562 in
240 506 333 576 praelio
343 505 514 561 corastitutus.
527 503 572 560 llle
585 504 764 573 lapidabatur,
779 511 806 557 et
818 501 897 557 iesus
948 494 1027 565 reris,
1048 501 1119 557 itlius
1132 503 1239 557 inuocat
1252 510 1373 572 patrem,
1394 513 1497 575 martyr
1522 506 1628 560 inuocat
1641 509 1737 577 aguni-

106 596 275 668 suscipiebat
285 595 389 665 plagas.
948 590 1050 644 tlteten.
1066 590 1179 645 Domine
1201 588 1280 656 lesu,
1304 591 1410 661 suscipe
1430 593 1553 662 spiritum
1568 610 1674 662 meum,
1689 597 1737 668 qui

145 687 212 742 Eece
224 687 298 742 uideo
311 684 388 740 coeioa
399 695 512 756 opertos.
528 682 588 737 iam
600 683 665 738 mibi
676 689 768 753 aperta
780 691 822 736 est
836 679 895 745 uia3
947 678 1090 749 expellitur
1104 679 1225 734 decarne
1236 695 1307 745 mea,
1321 690 1430 750 pmpter
1442 681 1638 740 contessionem
1650 694 1734 748 tuom,

107 775 198 834 adbuc
214 776 242 829 in
259 784 331 829 terra
345 789 421 838 sum,
437 772 566 827 etiamad
580 771 709 826 ooelorum
729 785 811 840 regna
823 768 897 839 aspi·
948 766 1000 822 ias,
1011 777 1053 823 est
1074 769 1147 822 enim
1165 776 1195 823 ut
1208 769 1330 840 spiritus,
1345 771 1391 840 qui
1407 785 1456 840 pro
1472 780 1497 826 te
1515 771 1647 839 funditur,
1670 790 1686 829 a
1711 787 1737 832 tc

107 869 169 932 ciu;
187 865 272 921 eoeloa
290 863 356 918 istos
367 869 530 933 aperuerunt
541 861 607 916 milri
616 861 719 931 lapides
730 858 826 925 vestri,
838 873 899 928 per
948 860 1122 929 suscipiatur.

106 958 249 1016 oeeuuone
260 963 352 1009 restra
364 953 508 1024 aperuistis
516 953 581 1008 milri
595 952 690 1018 coelos,
705 967 792 1022 usque
810 953 898 1006 adbuc
985 947 1082 1003 Positis
1092 959 1179 1004 eutem
1193 951 1299 1021 genibus
1312 950 1432 1007 oiourouit
1443 971 1501 1009 uoce
1514 972 1609 1026 mogun
1623 958 1732 1012 dicem:

107 1045 312 1114 coelosapcrtos
326 1056 379 1096 non
391 1041 521 1104 uideram,
533 1041 643 1112 sanguis
657 1056 734 1097 meus
749 1041 833 1096 clavis
845 1054 898 1095 ιω·
949 1038 1074 1104 Domine,
1095 1056 1126 1094 uo
1141 1049 1241 1095 storum
1259 1041 1311 1096 iliis
1328 1041 1377 1095 boo
1393 1055 1544 1112 peccatum,
1562 1058 1587 1100 ot
1607 1065 1667 1103 cum
1688 1050 1737 1104 boc

108 1139 196 1192 lorum
209 1143 262 1190 est.
277 1133 316 1187 Ae
328 1134 351 1188 si
368 1133 470 1188 diceret
484 1151 491 1186 ;
507 1132 640 1203 Deponite
654 1132 765 1202 lapides.
786 1132 897 1187 conlite-
948 1129 1067 1194 dirimet,
1079 1129 1242 1185 obdormivit.
1255 1130 1305 1202 (Es
1321 1131 1415 1204 Beda.)
1427 1133 1479 1191 Pro
1494 1136 1646 1204 sequidem
1660 1145 1735 1193 stans

108 1227 175 1280 mini
187 1225 290 1288 iesum,
302 1233 387 1278 etrus
401 1223 526 1277 ridebitis
540 1222 624 1278 coelos
636 1232 754 1292 apertos,
765 1222 897 1277 etlilium
948 1217 1051 1282 orarit,
1065 1233 1114 1288 pro
1131 1219 1246 1273 inimicis
1267 1236 1336 1291 genu
1355 1221 1440 1287 derit,
1461 1225 1524 1293 quia
1543 1225 1662 1294 ipsorum
1677 1243 1735 1281 ma·

108 1315 225 1370 bominis
245 1321 389 1367 stantema
407 1311 512 1367 dextris
527 1311 585 1375 Dei,
607 1311 653 1365 sed
673 1311 711 1365 illi
736 1311 837 1380 lapides
859 1320 898 1365 te·
943 1304 1152 1376 ioniniquitas,
1169 1308 1255 1377 majus
1273 1311 1439 1381 supplicandi
1456 1316 1604 1370 remedium
1628 1317 1732 1386 dagila-

108 1412 219 1467 ῃρῃως,
229 1401 425 1472 persecutionis
435 1401 576 1456 veritatem
590 1400 684 1456 audire
698 1416 751 1455 non
761 1411 895 1471 pompant,
947 1394 1002 1448 bat.
1022 1395 1055 1448 Et
1069 1397 1136 1450 mira
1150 1397 1219 1451 beati
1236 1400 1361 1468 martyris
1378 1401 1478 1465 virtus,
1491 1403 1536 1470 qui
1551 1404 1590 1457 sic
1608 1405 1665 1458 zelo
1680 1406 1735 1460 icr-

146 1494 181 1547 Ει
201 1491 300 1545 Filium
313 1492 426 1545 leontinis
443 1500 557 1546 stantem
572 1508 587 1543 u
601 1490 700 1545 desiria
716 1491 819 1545 uirtutis
837 1490 894 1546 Dei.
946 1482 1036 1548 0000οι
1060 1491 1089 1537 οῑ
1103 1484 1143 1538 οῑ3
1160 1500 1175 1539 ³
1194 1484 1291 1554 quibus
1315 1488 1455 1543 ῑθῐιθὶιιῑυι
1474 1491 1562 1560 pulum
1581 1509 1637 1548 suae
1652 1496 1735 1565 peril·

108 1584 176 1641 Cum
195 1583 322 1637 Dominus
346 1580 425 1636 iesus
439 1580 563 1636 Cbristus
583 1580 629 1634 Dei
648 1589 675 1634 et
699 1581 815 1635 bonrinis
834 1595 896 1650 pcr—
946 1572 997 1627 dicu
1016 1574 1107 1643 cuipas
1125 1577 1320 1645 exprobraret,
1340 1579 1379 1634 sic
1398 1581 1542 1638 dilectione
1558 1586 1684 1651 ardebat,
1705 1596 1736 1642 ut

111 1673 198 1729 lectus
215 1673 252 1727 sit
263 1670 344 1735 lilius,
362 1669 425 1742 quid
441 1678 494 1733 est,
509 1670 579 1738 quod
591 1670 662 1724 bunc
676 1669 770 1724 beatus
780 1679 891 1740 martyr,
945 1660 972 1716 iu
998 1672 1086 1719 morte
1110 1680 1217 1735 quoquc
1239 1680 1288 1736 pro
1316 1667 1356 1722 cis
1379 1682 1395 1723 a
1417 1670 1514 1740 quibus
1546 1673 1733 1742 occidebatur,

110 1759 226 1815 borninis
248 1744 432 1828 potiusquam
448 1756 495 1810 Dei
508 1755 606 1810 filium
626 1756 761 1825 appellare
780 1755 893 1824 maluit,
911 1745 1050 1807 Boraret.

108 1849 152 1904 eni
174 1847 235 1917 plus
249 1846 356 1914 utrique
372 1845 464 1916 gloriae
478 1845 615 1899 uideretur
635 1844 777 1910 allaturus,
797 1845 894 1900 sicum
1089 1862 1255 1903 artusartus
1271 1864 1411 1915 unrrnmr,
1430 1867 1488 1907 cir.
1507 1870 1586 1908 xxrrr.

108 1939 156 1992 Dei
166 1938 255 2007 potius
265 1952 345 2005 quana
360 1935 480 1991 bominis
493 1934 590 1989 Filium
605 1934 741 2005 appellare
752 1935 892 2002 voluisse-t,
983 1951 992 1984 ι
1016 1933 1125 1990 Dicebat
1139 1934 1217 1992 iesus
1238 1939 1323 1992 turbis
1342 1936 1494 1993 iudaeorum
1517 1949 1545 1995 et
1566 1941 1732 2011 principibus

108 2027 160 2081 nisi
178 2035 206 2081 ut
221 2027 272 2081 boc
290 2026 444 2081 testimonio
460 2022 613 2079 ludaeorum
631 2024 840 2081 contunderetur
854 2027 896 2081 in·
948 2038 958 2072 ι
981 2023 1150 2078 sacerdotum
1168 2042 1174 2076 :
1189 2024 1259 2080 Eece
1273 2040 1323 2096 ego
1346 2026 1423 2081 mitto
1438 2029 1471 2081 ad
1487 2044 1535 2082 vos
1548 2031 1694 2098 propbetas
1704 2039 1733 2086 ct

109 2113 236 2179 fidelitas,
249 2116 296 2184 qui
309 2130 337 2170 se
349 2114 486 2169 bominem
499 2113 676 2180 cruciiirisse,
688 2122 715 2169 et
728 2114 797 2170 iruuc
811 2115 894 2169 Deum

107 2209 218 2262 medere
233 2207 352 2262 noluisse
365 2205 562 2261 meminerunt?
575 2203 617 2259 Ad
632 2205 838 2260 confortandum
851 2220 895 2260 er-

107 2310 142 2366 go
155 2295 231 2350 beati
251 2295 380 2365 martyris
394 2293 566 2363 sapientiam,
588 2292 708 2348 coeiestis
723 2293 797 2363 regni
809 2291 893 2361 janua

105 2383 250 2453 panditur,
272 2391 300 2437 et
314 2397 346 2436 oe
359 2381 483 2438 innoxius
496 2383 577 2437 bomo
595 2382 728 2452 lapidatus
747 2382 845 2439 titubet
866 2383 894 2439 iu

106 2483 194 2537 terra,
216 2474 288 2528 Deus
309 2474 388 2528 borno
401 2472 547 2529 crucifixus
566 2483 679 2545 apparet
699 2483 845 2530 coronatus
866 2474 893 2530 in

106 2562 185 2618 coelo.
204 2561 300 2618 Unde?
320 2561 399 2630 Quia,
415 2571 500 2629 stare,
513 2565 659 2636 pugnantis
682 2564 725 2618 rei
743 2563 894 2632 adiuvantia

105 2660 159 2717 est,
183 2660 255 2707 recte
273 2666 289 2706 a
305 2652 410 2708 dextris
430 2652 478 2708 Dei
499 2661 614 2709 stantem
634 2654 712 2719 uidit,
731 2669 810 2725 quem
823 2653 895 2711 iuter

949 2127 958 2162 ι
979 2112 1115 2182 sapientes
1135 2121 1162 2167 et
1175 2115 1287 2178 scribas,
1302 2122 1330 2169 et
1352 2130 1385 2169 ex
1398 2115 1449 2170 illis
1460 2117 1587 2172 occiduis
1607 2126 1635 2172 et
1646 2120 1734 2175 cratei-

947 2219 958 2250 ι
979 2200 1076 2272 ligetis,
1088 2210 1115 2256 ct
1126 2219 1159 2258 ex
1175 2203 1214 2256 eis
1228 2203 1396 2273 flagellabitis
1414 2205 1441 2259 in
1460 2208 1603 2278 synagogis
1616 2210 1731 2275 uestris;

947 2307 957 2342 ι
979 2297 1007 2344 et
1022 2291 1216 2361 persequimini
1227 2291 1261 2346 de
1278 2292 1387 2347 ciuitate
1401 2293 1428 2348 in
1443 2295 1593 2362 ciuitatem,
1606 2307 1635 2351 ut
1646 2300 1737 2355 reniat

947 2398 957 2432 ι
979 2383 1216 2452 supcruosomnis
1228 2384 1337 2454 sanguis
1350 2383 1449 2452 justus,
1467 2388 1513 2456 qni
1532 2388 1632 2444 eiiusus
1653 2405 1735 2459 super

947 2488 956 2521 ι
979 2478 1107 2525 terrama
1121 2473 1251 2542 sanguine
1266 2472 1333 2528 Abel
1343 2473 1408 2541 justi
1430 2479 1562 2553 usquead
1578 2482 1734 2549 sanguinem

947 2576 957 2610 ι
980 2560 1128 2625 Zaolrariae,
1138 2561 1185 2616 lilii
1193 2561 1341 2629 Baraclriae,
1351 2580 1431 2633 quem
1444 2567 1735 2626 occidistisiutertem·

946 2665 957 2700 ι
978 2648 1085 2718 plumet
1098 2649 1192 2705 altare.
1202 2650 1631 2720 Amendicovobis,renientbaec
1641 2662 1733 2717 omnia

106 2742 230 2797 hemines
239 2751 431 2813 persequentes
441 2743 589 2814 adjutorem
605 2746 708 2800 babuit.
946 2756 955 2788 ι
980 2753 1061 2807 super
1081 2740 1281 2809 generationem
1306 2743 1395 2797 istam.
1421 2744 1612 2812 liierusalem,
1637 2747 1732 2803 illeru-

146 2831 324 2888 Eseloutootot
334 2842 422 2888 omem
434 2849 493 2888 uoce
504 2851 609 2905 magno,
621 2837 805 2890 continuerunt
816 2852 893 2892 ouras
947 2846 956 2881 ί
977 2829 1079 2893 sillem»
1098 2844 1158 2899 (ιοῑο
1176 2830 1276 2885 000ῙοῙο
1288 2833 1447 2900 000000ῑοοι
1463 2844 1490 2889 οῑ
1504 2835 1606 2904 1000000
1619 2853 1667 2892 000
1687 2839 1734 2906 qui

108 2939 180 2977 suus.
197 2923 246 2995 (iix
258 2921 380 2995 llieron.)
396 2923 650 2993 Oprauosaninros,
663 2927 789 2983 claudunt
801 2943 891 2995 aures,
946 2937 955 2970 ι
978 2918 1012 2972 ad
1031 2930 1058 2972 te
1076 2919 1152 2975 missi
1175 2928 1248 2983 sunt,
1267 2920 1372 2988 quoties
1394 2921 1465 2976 uului
1486 2937 1649 2994 congregare
1663 2926 1732 2984 salios

106 3030 142 3069 ne
156 3015 257 3084 apertis
270 3013 321 3069 illis
338 3015 505 3085 ingrediatur
519 3016 627 3071 ueritas.
645 3015 780 3073 Cluurlunt
799 3032 889 3086 aures,
946 3028 956 3061 t
979 3018 1063 3075 ²⁰⁰⁸,
1093 3010 1318 3078 (1000000000οω
1347 3010 1443 3081 iissflllla
1473 3022 1620 3084 00080οιοῑ
1644 3016 1733 3086 pulli»

103 3105 169 3176 quja
185 3104 289 3160 chugo,
301 3100 437 3160 habebam
456 3115 485 3161 er
498 3105 600 3171 oculos,
624 3115 651 3163 ει
674 3105 757 3163 ooelos
777 3085 926 3179 29011030
945 3118 954 3150 ι
977 3114 1040 3154 suus
1053 3099 1103 3153 sub
1122 3098 1192 3165 alas,
1206 3108 1234 3154 et
1251 3099 1377 3155 noluisti!
1393 3100 1462 3156 Ecce
1480 3102 1645 3171 relinquetur
1656 3107 1733 3161 uobis

104 3206 160 3248 non
176 3192 307 3248 uiderant.
945 3206 954 3239 ι
971 3188 1072 3263 domus
1089 3197 1178 3244 uestra
1202 3187 1319 3244 deserta.
1336 3189 1401 3244 Dico
1422 3192 1594 3259 enimvobis,
1615 3211 1668 3251 non
1689 3212 1733 3252 mo

140 3281 176 3336 g,
187 3283 309 3352 smmum
320 3283 436 3353 samm
448 3285 606 3340 „stangnum
615 3286 642 3339 f„
650 3302 718 3340 eum,
731 3285 789 3342 Una
800 3286 893 3356 impie.
945 3296 955 3330 ι
976 3277 1102 3333 ridebitis
1115 3278 1223 3343 amodo,
1234 3278 1420 3335 dunecdicatis
1434 3298 1440 3334 :
1452 3279 1612 3340 Benedictus
1624 3286 1670 3353 qui
1682 3301 1730 3342 ve·

104 3380 159 3436 tas,
173 3386 243 3425 unus
259 3371 384 3451 impetus,
396 3371 485 3441 niujin
499 3387 646 3430 cousensus
658 3375 686 3429 in
697 3374 799 3430 scelere
810 3390 893 3445 quam
944 3387 954 3419 t
976 3369 1163 3423 uiliunomiue
1173 3368 1290 3424 Domini·
1305 3388 1315 3422 ι

104 3463 133 3517 in
149 3463 289 3530 religione.
307 3459 312 3469 ‘
978 3458 1085 3514 Dicebat
1095 3458 1175 3515 Jecur
1190 3461 1272 3515 turbis
1288 3462 1443 3518 donimanum
1455 3479 1464 3516 :
1476 3465 1597 3537 Eeceepo
1607 3468 1731 3523 mittood

141 3551 177 3605 Et
187 3553 319 3622 ejicientes
340 3568 399 3607 eunt
416 3562 491 3608 extra
506 3554 635 3609 ciuitatem
655 3554 818 3625 lapidabunt.
842 3555 893 3626 (Ex
942 3566 985 3604 uos
997 3550 1135 3619 propbetas
1150 3560 1173 3604 ot
1188 3553 1317 3621 ιιριειιιιι
1330 3562 1354 3606 ιι
1367 3554 1477 3618 combas,
1497 3565 1521 3609 et
1535 3572 1568 3609 eo
1586 3556 1640 3611 iliis
1659 3561 1726 3612 occi·

104 3640 201 3711 Beda.)
214 3641 247 3695 Ei
262 3632 391 3696 Dominus
402 3650 480 3699 extra
490 3652 596 3711 portam
606 3658 701 3713 passus
713 3652 765 3708 est,
781 3644 826 3713 qui
842 3659 890 3699 nos
943 3640 1010 3694 detis
1025 3649 1048 3694 et
1059 3640 1217 3711 orucifiqetis
1227 3652 1250 3696 et
1262 3641 1427 3711 flagellabitis
1440 3645 1617 3715 ire-opnopoqis
1628 3650 1731 3713 uostris,

102 3734 187 3804 elegit
198 3734 232 3788 de
248 3733 349 3789 mundo
362 3734 390 3787 in
411 3748 556 3804 supernum
576 3749 655 3789 suurn
667 3749 778 3804 regnum
796 3742 824 3788 et
836 3734 894 3804 glo-
942 3739 966 3784 et
982 3731 1167 3801 persequimini
1183 3730 1216 3784 de
1231 3731 1334 3785 ciuitate
1349 3733 1378 3786 iu
1392 3733 1539 3800 ciuitatem,
1556 3745 1584 3788 ut
1599 3736 1730 3805 implentia

104 3824 187 3886 riam,
198 3830 227 3876 et
243 3822 405 3893 Steplranus,
419 3824 496 3892 quasi
517 3823 620 3878 aduena
634 3823 742 3888 mundi,
764 3829 840 3877 extra
855 3823 893 3878 ci·
942 3839 1092 3877 mensurum
1114 3831 1220 3892 potrum
1243 3824 1599 3896 autumniautumni.)
1625 3827 1653 3881 ld
1675 3835 1730 3893 est,

102 3911 216 3965 ritatem
230 3911 374 3981 lapidatur.
392 3911 451 3966 lion
470 3912 544 3966 enim
561 3911 656 3966 babuit
673 3911 718 3966 bic
737 3922 892 3966 manentem
942 3911 1013 3980 quod
1028 3910 1081 3966 illis
1100 3908 1201 3976 deluit,
1216 3925 1264 3965 vos
1278 3912 1430 3980 adimplete.
1450 3912 1490 3968 llli
1504 3916 1576 3970 euim
1591 3915 1732 3972 interiece-

103 4001 264 4067 ciritatem,
282 4002 329 4056 sed
349 4000 468 4056 suturam
491 4009 546 4056 tuta
572 4009 661 4054 urente
686 4001 833 4068 quaerebat.
860 4000 894 4054 Et
943 4008 1006 4053 runt
1020 4015 1122 4063 seruos,
1133 4014 1182 4056 rus
1192 4000 1334 4056 Dominum
1344 4003 1507 4073 crucifigite;
1520 4004 1559 4057 iili
1570 4005 1728 4074 propbetas,

100 4086 180 4161 juxta
199 4106 288 4144 rerum
308 4090 522 4144 immutationem
545 4097 649 4158 martyr
672 4088 765 4143 mundi
788 4088 890 4150 cordis,
942 4105 990 4145 ros
1013 4104 1074 4143 eum
1088 4090 1134 4159 qui
1148 4106 1197 4159 per
1216 4091 1365 4161 propbetas
1385 4092 1546 4160 predicatus
1565 4100 1616 4146 est.
1639 4091 1733 4148 Potest

101 4183 138 4238 ad
151 4182 238 4238 caulos
258 4183 383 4236 intuitum
402 4181 509 4250 dirigit,
531 4179 892 4251 persecutordurreccrticis
943 4179 994 4233 lroc
1013 4186 1041 4232 ct
1057 4178 1090 4232 ad
1109 4177 1253 4246 discipulos
1268 4177 1327 4246 ejus
1346 4179 1459 4242 reierri,
1482 4180 1515 4233 de
1537 4179 1635 4248 quibus
1655 4196 1728 4236 nune

101 4288 203 4329 manus
211 4273 246 4327 ad
260 4272 361 4343 lapides
376 4271 468 4326 mittit.
942 4263 1008 4318 dicit
1022 4278 1030 4317 τ
1044 4263 1114 4319 Ecce
1130 4279 1180 4335 ego
1193 4265 1270 4318 mitto
1283 4264 1317 4318 ad
1329 4280 1377 4320 ros
1390 4266 1547 4336 propbetas,
1563 4275 1615 4323 etc.
1630 4268 1729 4326 Simul·

140 4360 175 4414 Et
196 4372 273 4416 testea
288 4361 462 4433 deposuerunt
474 4363 626 4417 uestimento
639 4378 713 4416 uacua
729 4360 806 4430 pedes
825 4359 891 4412 odo
943 4370 995 4424 quc
1009 4356 1123 4410 observa
1138 4354 1384 4426 juxta'ilpostolum
1398 4357 1562 4413 scribentem
1583 4361 1616 4414 ad
1636 4359 1730 4414 Corin·

105 4449 222 4505 icamia
234 4453 279 4523 qni
291 4451 432 4509 mensurno
444 4450 553 4508 sanine,
568 4453 657 4520 Quare
670 4460 752 4508 testes
765 4449 824 4503 salsi
837 4450 892 4520 pri·
908 4421 931 4480 Ι)
945 4444 1024 4507 tbios,
1046 4443 1119 4498 uaria
1133 4447 1202 4499 dona
1220 4459 1280 4500 esse
1293 4444 1485 4514 discipulorum
1498 4446 1599 4502 Cbristi
1622 4446 1648 4518 (ι
1666 4447 1728 4502 Cor.

103 4553 179 4591 muna
198 4538 403 4608 lapidaverunt?
417 4539 485 4608 Quia
498 4540 720 4610 lexpraeceperat
737 4547 767 4593 ut
777 4540 892 4608 quicun·
944 4535 994 4603 ιιι)
1008 4551 1014 4586 :
1028 4533 1094 4587 alios
1113 4535 1273 4603 prophetas,
1290 4536 1336 4604 qui
1350 4545 1464 4592 uentura
1482 4538 1643 4607 praedicanu
1661 4539 1730 4594 alius

102 4643 156 4698 que
170 4631 354 4685 testimouium
367 4630 469 4686 diceret
483 4638 577 4685 eontra
590 4631 707 4700 aliquem
721 4644 803 4683 causa
823 4644 892 4682 ιιιιιι·
943 4626 1087 4695 sapientes,
1111 4626 1157 4695 qui
1180 4634 1315 4680 noverunt
1337 4628 1444 4695 quaudo
1470 4629 1587 4685 debeam
1608 4628 1729 4699 prolerre

99 4720 155 4784 tis,
181 4721 242 4790 ipse
260 4721 375 4797 primum
394 4721 509 4792 lapidem
524 4721 644 4775 mitteret
663 4722 690 4775 in
706 4735 785 4785 eum,
811 4734 890 4787 quent
942 4732 1113 4781 sermonem3
1137 4716 1204 4771 alios
1229 4716 1331 4771 scribas
1350 4717 1378 4771 in
1395 4717 1454 4786 lege
1478 4719 1666 4783 doctissimos,
1682 4720 1728 4788 qui

100 4810 223 4880 primum
235 4824 282 4865 ore
294 4811 430 4867 occiderat
442 4825 491 4866 suo
506 4810 596 4882 (Deut.
616 4808 692 4880 xvir).

139 4896 807 4971 liailieron.)1teponnntrostiorenta,qnijambei
817 4899 893 4953 aurni-

100 4987 171 5042 liurn
188 4988 363 5058 projecerant.
378 4989 476 5045 Sardus
486 4999 576 5044 autern
591 4989 713 5051 tentatio,
737 4988 794 5042 sive
807 4987 891 5041 inler-

101 5093 155 5133 nus
169 5077 371 5149 interpretatur.
387 5079 470 5136 Recte
483 5079 566 5151 igitur
580 5078 626 5147 qui
644 5076 799 5146 lapidabant
817 5092 891 5131 mar·

102 5177 207 5239 tyram,
230 5168 389 5225 vestimenta
407 5185 456 5224 sua
467 5168 544 5238 jurata
559 5167 693 5223 inlemnm
715 5165 889 5236 reliquerant.

137 5256 175 5312 Et
187 5259 340 5328 lapidabunt
354 5259 515 5330 Stephanum
530 5261 691 5315 inuocantem
705 5267 730 5312 et
744 5258 889 5311 dicantem:

103 5353 216 5406 ilorrtiue
231 5352 311 5419 doru,
336 5355 437 5423 suscipe
457 5353 579 5424 spiritum
598 5367 694 5405 meum
718 5348 812 5403 Videte
828 5363 892 5401 cun-

100 5440 250 5499 fessionem
265 5445 426 5499 z'lrominem
448 5443 521 5501 ridet
535 5450 660 5503 stantem,
686 5448 713 5495 et
736 5448 824 5493 tamen
840 5438 892 5493 Do·

101 5533 207 5590 ninom
227 5532 381 5590 condietur.
395 5534 435 5590 Ao
447 5534 469 5588 sl
483 5534 585 5587 diceret
601 5549 607 5584 :
625 5531 738 5584 Doctrina
748 5528 822 5592 lesu,
836 5536 891 5581 stas

10 5660 12 5683 ι
100 5623 211 5698 quidem
226 5625 303 5696 quasi
322 5626 420 5691 ιιοιιιιι,
443 5625 489 5679 scd
505 5623 614 5694 mljrnns
627 5618 702 5693 epitasi
722 5617 888 5682 perinsus,

943 4808 1099 4863 describunt
1110 4807 1137 4861 in
1150 4807 1248 4863 tabulis
1262 4807 1351 4862 cordis
1365 4808 1418 4872 sui,
1434 4808 1576 4878 exquibus
1595 4808 1728 4880 lapidatus

943 4906 984 4954 est
1007 4897 1172 4966 Stephanus,
1194 4896 1293 4951 Paulus
1315 4896 1431 4963 occisus,
1457 4896 1602 4952 crucifixus
1621 4896 1726 4963 Petrus,

942 4987 1069 5058 flagellati
1086 4988 1113 5041 iu
1136 4987 1249 5042 ilctibus
1263 4986 1452 5056 Apostolorum
1469 4987 1602 5056 discipuli,
1620 4996 1647 5042 et
1664 5003 1726 5057 per·

942 5077 1026 5133 secuti
1045 5091 1092 5130 eos
1106 5075 1212 5130 suntde
1228 5075 1337 5129 civitate
1352 5076 1381 5130 in
1399 5076 1546 5140 ciuitatem,
1562 5077 1727 5147 expellentes

942 5168 974 5223 dc
986 5165 1088 5228 iudaea,
1109 5173 1138 5218 ut
1155 5165 1189 5219 ad
1206 5164 1325 5237 gentium
1348 5165 1473 5235 populum
1489 5164 1724 5237 transmigrarent.

978 5255 1011 5311 Ut
1027 5257 1111 5310 ueniat
1125 5271 1202 5326 cuper
1213 5271 1257 5309 uuo
1272 5256 1355 5309 omnis
1368 5257 1475 5326 sompnia
1493 5257 1646 5329 justua,qui
1660 5257 1727 5326 effu·

942 5362 986 5400 sur
997 5353 1034 5398 eat
1047 5359 1124 5413 suaper
1137 5351 1243 5396 terrum.
1258 5341 1308 5415 (Ex
1323 5343 1417 5416 Beda.)
1433 5343 1577 5412 Quaeritur,
1592 5345 1726 5415 quorsumn

943 5434 1052 5504 sangnis
1075 5433 1195 5488 omnium
1219 5433 1412 5503 prophetarum
1437 5443 1517 5504 atque
1533 5435 1667 5502 justorum
1691 5430 1726 5486 ab

942 5539 994 5577 una
1008 5521 1160 5576 lrrdrrorum
1175 5523 1349 5590 generatione
1361 5524 1522 5591 requiratur,
1534 5537 1595 5576 eum
1608 5519 1724 5577 etmulti

943 5621 1106 5676 sanctorum,
1126 5609 1181 5665 sire
1196 5618 1258 5666 ante
1273 5612 1496 5677 incarnationem,
1509 5625 1556 5664 seu
1577 5619 1637 5678 post
1650 5625 1710 5664 rnor
