3810 6120
143 272 195 331 toa
659 268 837 330 conusnr.
857 271 892 328 tn
911 269 991 326 nse.
1013 271 1042 326 s.
1063 256 1251 330 ornantem.
1712 278 1764 337 rot

140 382 189 453 qui
217 380 253 436 ab
277 393 312 435 eo
331 387 505 450 peecatorum
528 381 635 437 veniam
648 395 769 454 recipcre
791 383 926 452 desporat.
941 378 1094 445 ,treiectus
1112 394 1165 438 non
1181 383 1335 440 muneratur
1349 385 1376 440 in
1389 400 1483 458 pmue,
1498 389 1546 444 sed
1562 382 1669 460 prolicit
1682 408 1764 453 sanus

141 470 210 528 lllnc
226 471 324 525 iterum
337 485 388 540 per
400 473 560 542 prophetam
575 471 658 527 dicit:
675 470 801 526 Peccator
820 473 848 526 in
861 488 929 543 quu-
977 486 1085 542 semper
1095 473 1123 528 in
1137 475 1243 531 urdine.

140 576 242 631 cunque
260 558 459 615 discesseratis
474 560 553 630 suerit
570 576 603 616 eu
614 571 668 616 toto
687 561 765 616 eorde
779 561 813 614 nd
833 561 925 615 Domi·
1013 558 1079 626 Qua
1089 578 1148 615 cnm
1161 563 1259 632 luerim
1272 581 1288 618 a
1303 566 1376 620 nobis
1392 567 1435 621 die
1455 578 1584 640 noctuque
1604 572 1765 628 incessabili·

140 668 214 718 nunt,
226 650 322 706 desinit
333 667 389 706 esse
396 662 520 722 peccator
532 653 640 724 (Erech.
654 653 763 723 xxxiii).
780 651 849 706 lline
864 651 927 706 llio-
976 659 1017 704 ter
1036 650 1193 722 adimplete,
1219 664 1243 708 et
1265 656 1292 708 in
1310 656 1352 710 die
1373 657 1470 726 judicii
1494 662 1686 732 reconsignata.
1701 663 1765 720 llaee

140 756 270 813 ronymus
282 742 321 797 ait
333 759 341 796 ε
353 741 438 797 Nemo
454 742 487 797 de
500 743 605 798 Domini
622 743 786 815 indulgentia
805 742 925 808 dubitet,
976 741 1047 796 enim
1061 743 1244 799 sacratissima
1259 748 1414 815 supradicta
1430 749 1537 805 Domini
1559 761 1694 823 praccepta
1711 770 1760 811 no·

139 847 220 887 rmrno
234 832 368 902 desperet.
383 832 423 887 dd
435 829 567 888 hoe'enim
582 833 681 888 missus
695 831 804 889 advenit
815 839 845 887 ut
860 847 926 901 pec-
976 832 1018 886 bis
1030 834 1156 901 presenti
1167 836 1361 904 consignantur
1373 840 1399 893 in
1409 841 1475 904 rita,
1488 849 1518 895 ut
1529 857 1672 911 operemur
1683 845 1710 899 in
1722 847 1763 901 eis

139 926 248 979 catores
261 921 421 978 mutunus
432 938 485 977 non
495 922 632 991 perderet,
646 922 694 977 sed
708 921 833 977 salvaret.
843 919 926 976 Nemo
976 929 1004 977 ct
1017 931 1160 991 operantes
1174 927 1359 982 custodiamus
1379 927 1435 982 illa.
1452 929 1551 984 lterum
1572 933 1651 987 nobis
1666 934 1693 987 in
1707 935 1764 989 nita

139 1013 173 1069 de
185 1013 359 1069 multitudine
370 1029 480 1069 suorum
491 1015 615 1083 desperet
628 1013 781 1075 criminum,
793 1012 855 1082 quia
865 1012 927 1081 pius
976 1013 1236 1083 reconsignabuntur
1249 1027 1360 1084 eterna,
1376 1028 1406 1072 nt
1419 1020 1520 1076 laboris
1531 1025 1616 1076 nostri
1627 1024 1707 1093 digna
1723 1039 1763 1078 re-

138 1110 167 1157 et
181 1103 338 1158 misericors
351 1101 482 1158 Dominus
496 1111 607 1174 paratus
618 1112 660 1158 est
672 1103 706 1158 ad
720 1103 924 1174 ignoscendum.
975 1102 1065 1170 cipere
1076 1119 1229 1159 mereamur
1243 1109 1364 1175 praemia,
1376 1109 1420 1164 illa
1434 1111 1555 1167 videlicet
1568 1129 1627 1182 qun
1642 1115 1698 1185 ipse
1712 1116 1765 1170 lio-

140 1188 171 1247 Si
185 1192 318 1262 discipulo
332 1206 381 1246 suo
394 1192 475 1246 Petro
490 1207 575 1261 usque
589 1192 741 1262 septuagies
754 1190 854 1260 septies
869 1189 926 1258 ius·
975 1194 1065 1250 minus
1079 1198 1212 1264 operariis
1226 1200 1284 1253 suis
1295 1201 1421 1269 promisit
1432 1203 1543 1259 dicens:
1565 1203 1653 1258 Venite
1665 1207 1699 1258 ud
1711 1223 1763 1271 me,

139 1289 176 1343 sit
193 1288 270 1342 tratri
283 1287 421 1342 dimittere
432 1293 583 1357 peccatum,
600 1285 685 1342 multo
705 1286 791 1356 magis
806 1284 852 1339 ille
865 1282 925 1339 lons
975 1301 1065 1340 coenes
1079 1288 1124 1357 qui
1138 1288 1264 1343 laboretis
1287 1300 1311 1344 et
1328 1293 1430 1345 onerati
1448 1294 1526 1359 estis,
1544 1303 1568 1347 et
1583 1311 1629 1364 eqo
1648 1296 1763 1363 reficiam

139 1380 248 1453 pietatis
267 1387 295 1435 et
314 1379 486 1448 indulgentiae
496 1391 583 1447 usque
598 1377 672 1432 mille
691 1376 790 1431 millies
808 1373 924 1429 milleio
959 1375 1019 1433 'uos
1033 1379 1142 1452 (narrt.
1154 1382 1204 1453 xi).
1218 1383 1262 1448 lit,
1279 1382 1378 1449 Venite,
1394 1384 1521 1438 benedicti
1533 1384 1621 1439 Patris
1632 1388 1693 1450 mei,
1707 1403 1763 1456 per·

139 1473 355 1544 tepescentibus
375 1479 402 1527 et
420 1472 529 1526 neniam
550 1470 705 1541 petentibus
727 1470 838 1524 dimittit
856 1469 924 1524 dell·
974 1469 1051 1539 cipite
1071 1486 1194 1540 regnum,
1216 1472 1285 1541 quod
1308 1473 1380 1526 oobis
1406 1483 1528 1542 puratum
1548 1483 1586 1528 cst
1608 1475 1640 1528 ub
1664 1477 1764 1544 oriqinc

40 1567 42 1572 '
137 1572 222 1619 ctum
235 1562 295 1634 lpse
305 1564 378 1618 enim
390 1564 474 1618 totius
485 1564 578 1619 mundi
590 1563 656 1618 lavit
670 1563 804 1625 erimina,
821 1569 925 1631 quanto
975 1558 1758 1634 mundi(lluttb.airu).Etdequodpostolnsdieebat:1

138 1653 226 1723 magis
237 1653 319 1708 unius
336 1651 454 1708 bominis
468 1652 569 1708 lavabit
588 1651 696 1707 delicta.
712 1651 883 1706 Tantomest
894 1659 925 1705 ιιι
1009 1646 1063 1702 lllu
1072 1666 1169 1705 merces
1183 1651 1257 1705 nobis
1267 1668 1283 1705 u
1293 1650 1407 1706 Domino
1420 1653 1668 1723 recompensabitur,
1682 1670 1761 1724 quarn

138 1741 324 1812 unuquisque
338 1749 513 1797 eonvertatur
528 1743 562 1797 ab
576 1742 714 1811 impietate
727 1755 786 1802 sua,
803 1748 830 1796 et
845 1739 924 1797 lacus
937 1718 961 1778 Β
974 1739 1029 1808 ipse
1041 1741 1170 1810 premisit,
1183 1741 1253 1812 quod
1267 1742 1359 1796 oculus
1374 1759 1425 1797 nou
1436 1744 1510 1809 uidit,
1527 1760 1574 1798 nec
1592 1746 1664 1799 auris
1687 1747 1763 1800 oudi-

137 1832 227 1904 dignls
240 1833 406 1904 poeuitentioe
420 1831 552 1888 fructibus
560 1833 635 1887 vivat
645 1832 673 1888 in
683 1839 824 1895 aetemum,
839 1831 925 1886 bono-
973 1829 1017 1893 uit,
1029 1845 1076 1884 nec
1088 1831 1116 1883 in
1126 1846 1172 1884 cor
1183 1831 1295 1886 bominis
1307 1834 1434 1898 accendit,
1447 1851 1505 1905 quo
1519 1837 1677 1905 properarit
1692 1836 1762 1891 Deua

138 1938 200 1981 mm
212 1925 333 1981 omnium
344 1925 445 1981 virtute
459 1923 589 1982 refertus.
972 1918 1012 1973 bit
1026 1920 1071 1990 qui
1083 1919 1195 1989 diligunt
1209 1936 1268 1974 eum
1282 1919 1308 1990 (l
1323 1921 1385 1978 Cor.
1401 1923 1443 1994 ιι).
1456 1921 1638 1993 Officinouero
1651 1923 1696 1977 ubi
1705 1925 1761 1978 boc

972 2011 1060 2064 atnniu
1071 2010 1211 2082 diligenter
1230 2029 1376 2084 operemur,
1391 2014 1507 2068 sinestra
1527 2025 1588 2069 sunt
1607 2017 1761 2070 monosterii

173 2100 244 2156 Ecce
257 2102 384 2157 bossunt
399 2102 573 2157 instrumento
589 2100 655 2154 artis
676 2096 834 2168 spiritualis.
849 2096 921 2152 Ecce
972 2111 996 2155 et
1010 2101 1137 2157 stabilitus
1155 2104 1182 2158 in
1200 2107 1407 2175 congregatione.
1426 2105 1449 2158 tt
1467 2104 1592 2160 iaciendo
1610 2106 1682 2160 enim
1699 2105 1756 2160 offi·

137 2194 196 2250 bec
209 2200 283 2261 sunt,
298 2194 373 2261 dicit,
388 2195 415 2250 id
427 2202 481 2261 est,
493 2195 552 2250 baec
567 2194 722 2266 supradicta
738 2193 829 2248 divina
846 2207 923 2246 man·
972 2193 1054 2259 cium,
1070 2202 1098 2250 et
1108 2196 1142 2249 ab
1155 2195 1243 2252 officio
1253 2195 1358 2252 officina
1371 2197 1520 2252 derivatur.
1534 2197 1603 2252 Sunt
1615 2199 1687 2252 enim
1700 2214 1760 2268 ope
1866 2221 1869 2228 ⁴

135 2283 201 2338 data
216 2298 277 2354 quae
298 2285 482 2356 suntsingula
503 2285 562 2355 iam
585 2301 635 2357 per
656 2286 780 2340 ordinem
799 2284 924 2353 superius
972 2285 1092 2338 randum
1113 2285 1265 2352 donioilia,
1289 2294 1317 2342 ot
1342 2286 1463 2341 omnium
1488 2286 1681 2340 monachorum
1706 2286 1757 2340 ibi·

134 2375 270 2444 exposita.
291 2373 355 2431 linc
375 2385 439 2431 sunt
457 2376 550 2446 itaquo
564 2377 743 2431 instrumenta
764 2374 831 2429 artis
845 2373 924 2443 spirl-
973 2376 1035 2429 dem
1049 2375 1233 2433 habitantium
1245 2379 1373 2434 daustra.
1391 2378 1420 2433 ln
1440 2379 1538 2448 quibus
1551 2379 1597 2447 qui
1610 2377 1669 2431 vult
1680 2378 1759 2431 habi-

42 2516 47 2524 .
136 2463 356 2522 talisbndicta
370 2475 421 2532 est,
436 2467 555 2537 eoquod
568 2468 636 2522 artis
648 2467 791 2538 praeceptis
808 2465 923 2537 regulis.
973 2473 1047 2531 tare,
1072 2466 1229 2541 firmitatem
1254 2470 1282 2525 in
1306 2477 1397 2525 mente
1422 2478 1451 2526 et
1478 2470 1654 2524 stabilitatem
1680 2470 1759 2525 debet

136 2572 190 2629 gnte
210 2556 355 2613 constricta
378 2557 571 2628 bematiuste
591 2560 683 2615 ducat.
700 2557 778 2613 Siout
794 2560 923 2613 enimest
973 2557 1075 2614 hebere
1089 2559 1116 2613 in
1132 2560 1355 2631 congregatione,
1370 2575 1405 2614 ne
1419 2559 1513 2629 vagari
1528 2559 1639 2628 incipiat
1655 2574 1704 2628 per
1716 2559 1757 2614 di·

135 2661 183 2704 ars
203 2645 371 2718 corporalis,
394 2653 437 2703 est
459 2656 487 2703 ct
507 2664 555 2704 ars
573 2648 713 2719 spiritalis.
730 2647 924 2703 Sedsicutest
972 2663 1052 2703 versa
1066 2656 1201 2704 terrarum
1214 2645 1312 2719 spatia,
1325 2657 1373 2704 ant
1387 2650 1580 2721 transmigrare
1593 2651 1627 2705 de
1640 2649 1707 2706 cella
1721 2651 1755 2705 ad

134 2738 269 2808 corporali
281 2738 337 2794 rita
352 2739 483 2809 spiritalis
507 2740 614 2805 melior,
627 2741 666 2795 ita
681 2747 724 2796 est
740 2745 769 2794 et
786 2752 832 2793 ars
847 2737 919 2808 elus-
972 2736 1095 2802 alteram,
1108 2746 1136 2792 et
1149 2739 1182 2793 de
1194 2740 1312 2810 propriis
1325 2739 1360 2793 ad
1370 2755 1424 2794 non
1436 2741 1545 2810 propria
1558 2740 1628 2805 loca,
1643 2749 1671 2798 et
1686 2739 1760 2795 dica·

135 2829 199 2885 dem
215 2829 276 2886 ritae
291 2831 424 2887 subtilior.
441 2831 518 2888 Unde
531 2840 560 2887 et
576 2831 620 2886 illa
641 2831 750 2901 paneis,
775 2831 833 2886 baec
857 2845 923 2887 rem
972 2834 1019 2881 tur
1030 2828 1064 2883 de
1079 2827 1126 2883 illo
1138 2829 1212 2897 quod
1227 2829 1254 2882 in
1269 2829 1423 2885 Salomonis
1437 2831 1507 2885 libro
1520 2831 1649 2899 scriptum
1660 2830 1761 2884 inveni·

136 2918 322 2975 lnsmumentis
339 2919 442 2991 indiget
459 2919 592 2991 plurimis.
616 2908 694 2976 Sicut
716 2920 790 2976 enim
815 2919 921 2975 instru-
974 2923 1037 2972 tur:
1049 2913 1123 2970 Sicut
1136 2917 1202 2982 uon,
1215 2918 1312 2987 inguit,
1328 2919 1520 2989 rmntmiqruns
1532 2919 1565 2974 de
1578 2920 1640 2973 nido
1650 2937 1710 2984 suo,
1722 2920 1760 2974 sic

135 3012 227 3061 menta
240 3015 303 3063 sunt
315 3005 471 3073 fabrorum,
485 3008 648 3079 scriptorum
664 3007 706 3063 rel
726 3007 840 3062 aliorum
856 3005 923 3061 urti-
973 3006 1013 3060 ris
1024 3004 1171 3078 relinquent
1187 3006 1274 3062 locum
1287 3007 1582 3082 enuntiaremus).
1598 3009 1667 3076 erid
1685 3010 1756 3065 enim

135 3095 228 3162 boun,
240 3096 338 3167 quibus
352 3111 421 3168 opus
434 3113 529 3154 eorum
543 3097 693 3168 perficitur,
710 3097 748 3151 ita
760 3103 825 3152 sunt
841 3103 868 3153 et
880 3059 958 3150 iri-¹c
972 3109 1022 3165 per
1034 3112 1110 3153 arem
1124 3098 1257 3169 signatur,
1271 3114 1332 3168 quae
1345 3098 1473 3169 relinquit
1485 3100 1577 3154 nidum
1592 3115 1688 3164 mum,
1707 3098 1760 3154 nisi

134 3196 287 3244 strumenta
299 3189 442 3256 virtutum,
455 3191 554 3261 quibus
566 3188 696 3260 spiritalis
708 3190 764 3244 rita
782 3189 921 3261 componi-
973 3189 1123 3244 monaelnm
1142 3190 1189 3260 qui
1210 3190 1340 3260 relinquit
1354 3189 1443 3246 loctrm
1460 3204 1538 3245 suum
1552 3197 1581 3245 et
1595 3190 1760 3260 propositum

136 3286 190 3333 tur.
204 3276 261 3334 Nisi
272 3281 451 3351 regendarum
461 3295 572 3335 suarum
591 3287 619 3336 ct
633 3279 748 3335 aliorum
764 3279 922 3338 >animarum
972 3293 1062 3335 suum
1073 3279 1168 3335 llelius
1179 3280 1252 3335 enim
1266 3279 1402 3349 relinquat
1412 3279 1512 3335 mentis
1524 3279 1719 3350 sagacitatem,
1733 3288 1761 3333 et

62 3443 65 3447 .
134 3383 182 3425 ars
195 3382 249 3425 noa
263 3377 337 3425 estet
346 3368 493 3439 spiritalis,
508 3369 657 3441 Gregorius
673 3385 727 3425 non
741 3370 846 3426 diceret
860 3388 867 3424 ε
880 3370 923 3425 ΑΙ)
971 3370 1063 3426 cordis
1080 3369 1196 3424 tirmiter
1216 3369 1325 3439 locique
1345 3378 1438 3424 teneat
1459 3368 1648 3434 stabilitatem,
1674 3376 1702 3425 et
1727 3368 1761 3423 nd

135 3460 268 3530 inperitis
281 3473 347 3533 ergo
357 3462 491 3532 pastorale
504 3465 691 3534 magisterium
702 3480 755 3535 qus
767 3464 923 3520 temeritate
971 3456 1121 3527 perlectum
1133 3457 1213 3513 ducat
1224 3457 1325 3514 mount
1336 3457 1408 3526 quod
1420 3457 1502 3526 coepit
1515 3472 1606 3526 agere.
1620 3457 1683 3528 quia
1693 3459 1760 3513 scri·
1804 3474 1810 3485 ’

127 3551 415 3622 sumptuumque
434 3568 480 3608 ars
493 3555 650 3610 astartium
671 3555 792 3625 regimen
817 3554 921 3610 anima·
971 3557 1048 3620 ptum
1060 3556 1121 3606 est:
1137 3549 1200 3605 llon
1213 3550 1259 3619 qui
1273 3550 1442 3615 incttoeucrit,
1458 3549 1504 3605 sed
1514 3551 1560 3621 qui
1579 3568 1760 3622 perseuerare-

135 3654 208 3694 ronu
222 3641 292 3698 llinc
302 3641 402 3699 Paulus
411 3643 547 3714 apostolus
560 3644 600 3698 ait
611 3662 619 3699 ι
631 3642 729 3700 Scioet
739 3644 886 3710 lrumilieri,
897 3652 923 3700 ct
972 3641 1017 3706 rt't,
1029 3637 1116 3696 saluus
1129 3638 1300 3706 eritilluttb.
1322 3656 1339 3695 ι
1355 3648 1384 3697 et
1397 3641 1484 3698 xxtrl.
1497 3640 1626 3712 Sequitur
1643 3640 1678 3697 de
1696 3641 1761 3697 obe·

133 3729 282 3797 madere,
302 3740 329 3787 et
348 3733 453 3800 satiari,
475 3743 500 3788 et
521 3734 637 3799 esurire,
663 3743 688 3789 et
708 3735 845 3804 penuriam
866 3734 923 3805 poti
972 3729 1085 3787 dictitia.

134 3816 219 3889 (Part.
238 3819 287 3893 ιι).
307 3820 371 3878 liae
384 3822 456 3879 onitu
475 3822 565 3878 omnia
580 3823 670 3878 minus
684 3822 854 3880 intuentibus
866 3839 921 3880 non
1279 3800 1394 3858 CAPUT
1417 3803 1450 3860 γ’

134 3909 260 3966 ridentur
273 3927 319 3967 ars
335 3928 394 3970 esse
410 3914 549 3985 spiritalis,
564 3917 612 3971 sed
629 3915 790 3985 simpliciter
804 3917 922 3972 necessi·
1258 3891 1295 3947 ⁰⁶
1320 3890 1476 3948 ‘’bedf‘'”l‘ffi

136 4010 178 4058 tat
192 4000 316 4058 taionis.
334 4000 388 4058 Sed
411 4005 434 4060 si
457 4020 503 4063 ars
525 4020 580 4061 nou
598 4012 680 4073 esset,
694 4007 760 4073 scio,
775 4005 921 4077 Apostolus
1008 4000 1116 4056 Primus
1123 4000 1280 4056 humilitatis
1291 4003 1389 4072 gradus
1401 4011 1438 4056 est
1448 4001 1593 4057 obedientie
1606 4002 1661 4056 sine
1673 4017 1761 4055 moro.

134 4094 657 4164 nondinisect3sedoum,scio,di1it,
678 4097 706 4153 in
729 4099 809 4168 hujus
831 4099 922 4169 operis
972 4089 1110 4157 Quartus
1128 4091 1283 4161 aplnrimis
1297 4107 1346 4148 cur
1365 4091 1464 4146 beatus
1485 4090 1645 4146 Benedictus
1665 4091 1693 4144 in
1706 4089 1765 4145 bae·

135 4183 251 4241 acuente
266 4193 353 4240 artem
368 4186 456 4243 inesse
469 4188 675 4244 demonstrarit.
687 4187 773 4256 Quem
787 4189 860 4245 enim
876 4203 922 4258 pe-
972 4183 1075 4255 llegula
1089 4183 1157 4238 duos
1168 4182 1331 4240 humilitatis
1344 4183 1443 4255 gradus
1458 4182 1557 4238 dixerit
1570 4198 1630 4239 esse
1640 4182 1759 4252 primos:

135 4274 214 4330 numa
228 4291 278 4331 sua
291 4292 347 4332 non
358 4276 496 4348 frangite
511 4279 660 4350 gratiarum
675 4281 781 4336 actione
803 4296 859 4337 non
878 4297 922 4337 re-
971 4291 1072 4340 unum,
1087 4274 1170 4329 istum
1191 4289 1271 4343 quom
1289 4274 1315 4328 in
1339 4274 1464 4329 nrauibus
1487 4282 1625 4338 tenemus,
1645 4273 1763 4328 alterum

135 4362 230 4429 trabit,
241 4363 270 4419 in
283 4379 375 4421 rerum
388 4368 575 4436 temporalium
587 4369 750 4425 desiderium
760 4385 815 4425 non
828 4385 923 4427 acoen-
933 4401 960 4461 D
972 4381 1047 4433 vcro,
1064 4366 1110 4437 qui
1124 4366 1152 4420 in
1166 4365 1332 4422 duodecimis
1350 4364 1478 4436 gradibus
1499 4363 1575 4435 (Cap.
1588 4362 1636 4438 ιιι)
1651 4364 1761 4434 ponitur

134 4453 185 4519 tiit,
197 4455 249 4510 scit
263 4455 410 4512 humiliari.
425 4457 477 4526 Qui
488 4459 560 4514 enim
576 4461 696 4530 acceptis
713 4461 795 4516 rebus
807 4477 860 4516 non
871 4476 921 4516 ex·
971 4459 1088 4530 primus.
1105 4457 1159 4512 Sed
1182 4457 1322 4513 sciendum
1345 4464 1387 4512 est
1410 4456 1474 4527 quia
1496 4455 1540 4510 illo
1557 4464 1598 4510 est
1617 4455 1766 4525 prinusin

135 4543 250 4612 tollitur,
260 4553 289 4601 et
301 4560 348 4603 eas
361 4548 395 4603 ad
409 4565 488 4603 nsum
498 4564 575 4605 vanae
590 4551 683 4622 gloriae
696 4567 750 4610 non
765 4552 920 4623 intorquet,
972 4548 1066 4614 eorde,
1078 4556 1107 4603 et
1122 4547 1174 4602 iste
1188 4546 1293 4616 primus
1305 4546 1332 4599 in
1347 4545 1463 4601 actione.
1478 4544 1554 4601 Sicut
1568 4545 1639 4600 enim
1657 4543 1765 4609 ilicest¹

133 4648 186 4689 neo
198 4635 272 4691 soltus
284 4636 414 4708 possidet,
427 4637 475 4694 sed
489 4654 552 4694 cum
570 4639 746 4711 diligentibus
765 4643 922 4700 misericor·
971 4640 1076 4711 primus
1089 4640 1117 4694 in
1131 4639 1241 4705 ordine,
1265 4638 1304 4693 ita
1321 4637 1456 4693 secundus
1472 4637 1500 4692 in
1520 4635 1760 4707 cogitatione,.ro·

133 4724 206 4780 diter
217 4723 322 4795 dividit,
337 4728 389 4782 seit
403 4727 550 4784 abundare.
572 4730 624 4797 Qui
646 4732 765 4802 acceptis
785 4733 920 4791 alimentis
971 4730 1084 4796 luntate,
1100 4729 1269 4785 desiderioet
1279 4729 1466 4784 conversione.
1479 4728 1531 4783 lsto
1543 4736 1642 4791 umen,
1657 4726 1702 4797 qui
1715 4727 1761 4782 hic

133 4828 187 4869 non
201 4815 235 4871 ad
249 4816 488 4890 ingurgitationem
501 4820 603 4874 uentris
616 4820 710 4896 utitur,
726 4821 773 4878 sed
788 4823 822 4881 ad
835 4839 919 4896 repa·
970 4822 1080 4893 ponitur
1095 4821 1211 4892 primus,
1224 4820 1279 4876 illio
1291 4820 1429 4876 invenitur
1441 4821 1467 4873 in
1480 4808 1575 4874 ordine
1588 4834 1647 4874 esse
1663 4834 1760 4874 sccun-

133 4903 266 4962 rationcnt
280 4908 400 4976 virtutis,
413 4909 464 4965 scit
478 4909 581 4983 satiari.
602 4909 653 4978 Qui
675 4912 866 4968 alimentorum
880 4915 920 4970 in-
971 4911 1033 4966 dus.
1050 4910 1097 4966 Sic
1114 4911 1188 4966 enim
1210 4910 1275 4966 dicit
1297 4911 1325 4965 in
1347 4910 1419 4964 isto:
1436 4909 1469 4964 lli
1491 4908 1558 4964 talos
1579 4909 1761 4979 relinquentes

132 4999 221 5070 opiam
227 5000 290 5074 sine
300 5001 514 5058 murmuratione
523 5001 688 5069 tolerat,nec
698 5020 748 5074 pro
758 5008 920 5063 necessitate
970 5003 1064 5060 statim
1081 5017 1142 5073 quae
1153 5018 1202 5058 sua
1217 5009 1291 5068 sunt,
1302 5010 1330 5056 ct
1344 5000 1509 5056 uoluntatem
1523 5002 1661 5072 propriam
1680 5001 1758 5056 desc·

132 5088 222 5146 rictus
232 5092 288 5163 agit
300 5090 403 5162 aliquid
420 5093 491 5149 unde
505 5093 594 5148 anima
615 5095 719 5164 peccati
732 5094 859 5166 laqueum
880 5096 920 5162 in-
971 5102 1073 5161 rentes,
1086 5095 1159 5150 illam
1170 5093 1277 5149 Domini
1288 5093 1429 5148 imitantur
1439 5093 1601 5149 sententiam
1612 5109 1664 5164 qua
1677 5093 1757 5149 dicit:

131 5187 234 5248 currat,
250 5181 304 5237 seit
323 5182 438 5238 esurire.
457 5181 542 5249 Quem
557 5197 687 5254 argones
705 5183 733 5241 in
754 5185 920 5242 abundantia
972 5183 1034 5239 lllon
1047 5186 1102 5238 oeni
1117 5185 1204 5256 [acere
1218 5183 1375 5238 uoluntatem
1387 5199 1482 5249 mum,
1492 5184 1538 5237 sed
1550 5184 1606 5255 ejus
1622 5184 1666 5255 qui
1687 5183 1758 5235 misit

131 5271 366 5342 superbiaelerat,
380 5274 471 5329 necin
486 5274 646 5330 necessitate
658 5275 793 5346 cupiditas
807 5275 918 5343 irritat,
972 5291 1012 5329 rne
1024 5274 1113 5348 (boen.
1129 5291 1146 5328 v
1161 5283 1184 5329 et
1200 5273 1249 5346 ιι).
1269 5273 1297 5329 ln
1311 5273 1357 5329 illo
1371 5289 1436 5330 nero
1455 5274 1538 5332 dicit:
1554 5275 1694 5330 Secundm
1707 5274 1758 5330 Ιιιι-

131 5362 208 5418 norit
220 5365 367 5431 abundare,
379 5373 455 5422 nortt
468 5376 495 5421 et
509 5366 648 5438 penuriam
663 5367 730 5438 pati.
749 5366 800 5436 Qui
814 5384 879 5440 ergo
892 5370 919 5425 in
972 5365 1094 5421 militatis
1106 5366 1206 5436 gradus
1218 5375 1269 5432 est,
1283 5366 1305 5422 si
1319 5367 1456 5437 propriam
1465 5368 1527 5438 quis
1537 5383 1591 5421 non
1602 5381 1699 5426 ainans
1711 5386 1759 5426 ro-

130 5453 312 5524 prosperitate
330 5470 383 5511 non
398 5455 527 5520 elevatam,
542 5455 569 5510 in
583 5456 747 5512 adversitate
767 5472 821 5513 non
846 5456 920 5514 iran—
956 5453 1101 5511 -luntatcm
1109 5454 1242 5512 desideria
1253 5470 1302 5510 sua
1312 5471 1366 5511 non
1378 5456 1654 5532 delecteturimplero,
1664 5475 1757 5516 rocem

74 5565 76 5570 ·
131 5543 214 5612 gitur,
229 5545 403 5602 suasionibus
414 5546 448 5601 ad
464 5546 564 5602 malum
577 5563 630 5603 non
642 5547 770 5614 trahitur,
782 5549 918 5620 vitupora-
971 5552 1044 5607 illam
1057 5550 1162 5607 Domini
1176 5550 1256 5608 lactis
1267 5550 1387 5605 imitetur
1402 5550 1517 5607 dicentis
1532 5576 1537 5607 :
1557 5552 1618 5607 Non
1639 5554 1695 5607 oeni
1714 5553 1729 5623 f
1744 5583 1756 5594 ·

131 5635 249 5696 tionibus
264 5639 364 5697 abono
385 5655 466 5711 opero
481 5655 537 5698 non
551 5651 703 5711 revocatur,
719 5641 834 5712 spiritali
859 5653 918 5698 arte
971 5663 1027 5702 cere
1042 5644 1197 5702 colrtntutcnt
1210 5661 1305 5714 ιιιιιιιιι,
1319 5643 1364 5698 sod
1386 5651 1443 5728 rjais
1462 5645 1507 5715 qui
1528 5646 1595 5700 irruit
1618 5662 1667 5701 nte.
1687 5646 1756 5702 Ecce
