3810 6120
139 342 214 402 'ium
779 337 920 396 hoium
936 338 1131 396 inistentes.
1705 346 1776 402 tuin

141 461 175 516 Ει
190 470 299 529 semper
308 452 429 526 quotidie
443 453 470 507 in
486 452 533 509 ilai
549 452 705 523 operetians
719 453 871 515 erescebat,
883 466 931 509 us·
944 457 970 516 Α
982 453 1065 509 eham
1077 454 1111 508 ad
1126 454 1265 537 spongiam
1278 469 1333 537 ,pro
1353 457 1493 513 nocturnis
1507 459 1654 538 diligentiis
1673 460 1774 543 ibidem

140 542 250 653 diiii
270 523 536 659 &iiiiii
549 521 931 674 ffiduahiiii'nl'd
981 539 1014 649 if
1029 526 1776 682 indintffilhantstdliidsidant

139 669 209 724 Dum
223 681 289 737 ergo
302 680 352 735 per
365 671 439 718 tarrta
456 664 534 718 irenae
551 670 716 732 operatrmrs
730 663 931 731 exenrpiaprae·
981 678 1030 719 sen
1044 678 1158 734 gemmus
1174 665 1249 719 mire
1267 665 1448 722 montionis
1465 676 1611 723 exornatas
1630 686 1658 724 ιιι
1676 670 1773 727 eodem

135 740 220 809 ‹ipne
246 736 326 806 longe
351 735 457 803 haeque
479 732 550 786 lania
571 732 746 796 discurreret,
765 740 794 785 et
809 733 932 801 omnipo·
981 733 1127 789 venerabili
1154 735 1214 789 loeo
1232 734 1331 790 merito
1350 735 1507 798 decorarit,
1527 751 1589 807 gntae
1607 747 1722 808 pensant
1742 740 1774 794 ii·

138 815 201 863 teus
212 808 284 862 Dens
297 805 418 877 regimen
429 802 557 858 Ecclesiae
567 816 624 856 suae
636 801 751 871 sah-piae
761 801 933 875 guhematio·
981 804 1045 858 iiras
1056 840 1111 857 .....
1125 803 1176 860 Uiri
1190 805 1272 860 etiam
1285 804 1436 876 regularem
1446 808 1591 871 ordinarit,
1604 822 1684 878 quem
1695 809 1761 865 land

137 879 411 935 niseumannuerct,
426 881 488 943 apte
501 872 862 941 moderatequedisporrere;
876 887 931 927 una
981 874 1024 928 nis
1038 875 1174 942 argenteis
1186 874 1382 945 superinduxit,
1429 878 1704 934 nsanoemiihrasiil.
1721 878 1774 935 Su·

138 946 294 1029 cuncordia,
313 959 366 999 una
385 944 533 1025 eadenmue
550 941 689 997 nolrrntate
705 942 796 998 tisino
813 943 931 1024 interue-
981 958 1030 1014 per
1042 957 1123 1025 quem
1134 944 1275 999 constituit
1292 959 1372 1027 arcus
1407 962 1457 1002 uos
1470 947 1641 1029 detegente,
1656 959 1685 1004 et
1699 965 1773 1074 §an-

137 1011 930 1164 li?‘aadnitidisnitidisaalma
981 1012 1529 1151 dtldillllnaidlt'lltinl:
1542 1018 1773 1159 littam:

136 1165 237 1212 cuncto
251 1152 349 1226 populo
363 1153 485 1207 liumano
499 1152 533 1207 ad
548 1151 654 1206 laudem
669 1159 697 1206 et
711 1151 823 1223 giunaru
843 1167 931 1207 omm-
981 1161 1074 1207 tautum
1086 1154 1279 1219 circumduxit,
1294 1163 1376 1224 atque
1386 1170 1493 1212 saemm
1503 1158 1701 1214 contessionem
1713 1159 1775 1228 ejus

135 1228 255 1298 petendo
266 1225 313 1280 ilci
330 1226 356 1278 in
374 1222 466 1277 sedem
481 1222 655 1293 apostolicam
671 1221 793 1290 pontifex
808 1221 931 1277 elevatus
981 1222 1095 1278 interius
1121 1225 1294 1294 exteriusque
1317 1239 1379 1280 eitra
1403 1227 1505 1298 equilis
1530 1227 1588 1282 suis
1607 1228 1774 1284 nobilissime

134 1304 189 1351 est.
209 1297 275 1351 Erat
287 1294 359 1349 euim
376 1300 482 1362 patrum
498 1301 703 1362 praceptorum,
723 1306 771 1347 seu
792 1291 931 1347 instituto·
979 1293 1196 1359 circumstruxit,
1215 1310 1277 1364 quam
1292 1295 1372 1349 sinrui
1420 1305 1501 1352 nsarn
1517 1296 1602 1353 libras
1603 1337 1657 1353 .....
1676 1298 1711 1353 iit
1728 1313 1774 1353 ιιι-
1870 1304 1879 1313 ·

137 1380 197 1421 rum
209 1365 378 1437 poutisseum,
389 1371 471 1445 atque
480 1376 624 1427 muranum,
639 1376 689 1416 nee
701 1376 755 1416 non
766 1361 854 1443 legum
865 1375 930 1443 san·
979 1375 1031 1431 per
1044 1362 1306 1445 aitareueoruutdern
1324 1364 1374 1419 bea
1397 1365 1543 1422 ssimorum
1563 1379 1714 1492 matyrum
1728 1383 1774 1423 uc-

136 1439 311 1505 etionumque
324 1434 531 1488 decentissimus
544 1433 703 1487 observator
714 1470 722 1496 ,
735 1441 764 1486 et
776 1445 875 1501 cuique
885 1446 930 1500 pu·
979 1441 1036 1487 stes
1050 1433 1116 1488 duas
1131 1435 1255 1490 rarslrtuit.
1270 1449 1303 1488 ca
1319 1436 1418 1503 quihus
1435 1451 1517 1491 unam
1532 1437 1566 1492 de
1579 1436 1626 1492 ius
1645 1444 1691 1492 ato
1707 1453 1770 1493 cum

135 1506 218 1560 stitis
234 1519 337 1560 norme
349 1517 365 1556 a
378 1510 500 1572 tempore
518 1501 699 1556 onlinatiouis
721 1514 777 1557 suae
794 1501 931 1556 nohiiissi·
980 1517 1063 1557 cruror
1076 1503 1110 1558 de
1121 1503 1310 1573 chrysoclavo,
1321 1512 1350 1559 et
1362 1505 1477 1560 aiteram
1491 1507 1524 1561 de
1535 1508 1685 1578 quadruplo
1699 1508 1774 1563 uniri·

135 1571 930 1709 instantiisadinstantis·stitit
981 1571 1774 1713 inmaidiui's‘ilitddtintltinimi·

48 1728 57 1744 ⁸
135 1728 223 1784 neque
240 1714 384 1768 riuthetam
406 1711 555 1766 meandum
571 1709 732 1779 aajuspuam
752 1710 930 1765 commissum
981 1709 1083 1766 militer
1131 1711 1244 1766 coracit.

134 1785 267 1847 adnuens,
280 1783 327 1838 sed
341 1796 450 1852 semper
463 1780 619 1836 misericors
631 1779 675 1849 pia
686 1777 829 1835 dilectione
842 1780 930 1834 omni·
943 1805 967 1865 B
1015 1781 1055 1852 (a)
1075 1779 1129 1835 Sed
1145 1793 1233 1850 neque
1245 1781 1296 1835 lroe
1307 1781 1415 1837 silentio
1428 1785 1644 1853 pratereundum
1656 1800 1716 1840 este
1729 1801 1775 1839 ar·

133 1852 185 1908 iras
202 1853 323 1915 civilius,
348 1860 411 1908 eta
437 1850 493 1905 ileo
516 1850 663 1905 commisso
684 1849 784 1918 populo
806 1848 930 1904 Romane
981 1849 1115 1905 hitramnr
1132 1850 1205 1919 quod
1225 1851 1319 1904 eodem
1339 1859 1470 1921 tempore,
1493 1853 1626 1909 diabolica
1646 1861 1775 1924 menate

133 1930 281 1979 amatoret
312 1920 612 1976 uhernaterexistehat.
629 1918 758 1974 munium
771 1919 872 1974 etenim
884 1932 931 1984 ee·
981 1921 1111 1984 versantia,
1124 1935 1172 1989 per
1202 1920 1362 1974 uorurudnur
1378 1922 1628 1992 geulisiugiorum
1642 1923 1773 1979 ἀοιὶιΙιιιιι

132 1993 278 2049 elesiarum
292 1939 340 2046 ssel
354 2006 415 2046 cum
428 2002 535 2072 stimme
548 1988 638 2044 studio
651 1998 733 2057 atque
746 2002 853 2043 murima
866 2003 930 2058 pro-
980 1988 1018 2041 ita
1028 1989 1167 2070 estomnis
1177 1934 1284 2042 i‘horum
1300 1988 1442 2071 hahitatio,
1459 2007 1521 2061 quae
1536 1992 1564 2046 in
1577 2006 1671 2048 rernm
1682 1992 1773 2064 lingua

133 2063 251 2118 ridentia
263 2076 312 2132 pro
323 2062 401 2116 solita
414 2060 554 2129 religionis
564 2071 629 2114 eura
639 2057 739 2122 cultor,
750 2065 928 2125 restaurator,
981 2057 1084 2130 bargus
1095 2059 1202 2122 ducitur,
1216 2057 1324 2112 tanna
1336 2075 1406 2130 rgms
1416 2062 1569 2116 exundante
1577 2062 1730 2126 combusta,
1745 2071 1775 2117 ut

132 2147 149 2186 a
181 2149 215 2189 ue
235 2133 264 2186 in
279 2132 406 2187 omnihus
424 2130 617 2186 deuotissimos
635 2137 783 2183 exornator
801 2126 862 2182 iuit.
979 2127 1062 2182 etiam
1083 2142 1134 2182 nec
1156 2128 1268 2197 vestigia
1293 2129 1414 2196 pristinae
1435 2131 1610 2187 habitationis
1629 2132 1660 2188 iri
1679 2130 1774 2188 eodem

192 2203 218 2258 ic
232 2202 406 2256 beatissimus
420 2199 518 2270 praesui
537 2198 622 2253 muita
636 2210 752 2267 corpora
770 2206 928 2271 sanctoruni
979 2197 1039 2254 ioeo
1052 2199 1168 2252 irrueniri
1181 2199 1342 2266 potuissent
1366 2198 1450 2270 Cujus
1462 2201 1635 2256 enumerantis
1650 2201 1775 2256 incendio

133 2272 283 2341 requirens,
303 2271 405 2326 invenit
421 2288 427 2323 e
443 2284 504 2339 gurm
518 2277 545 2324 et
559 2268 607 2323 diii
625 2267 716 2324 entim
737 2269 810 2322 intra
832 2268 929 2322 cirita·
979 2281 1049 2338 pene
1062 2276 1148 2323 totam
1165 2271 1310 2338 particum,
1332 2284 1392 2338 quum
1409 2271 1483 2327 ducit
1496 2273 1530 2326 ad
1546 2271 1685 2327 basilicam
1699 2271 1774 2340 prin-

132 2343 236 2397 ternod
251 2340 383 2396 honorem
400 2349 428 2394 et
462 2339 558 2394 loriam
574 2286 625 2394 1111
637 2339 751 2393 honeste
766 2336 927 2393 recondidit.
978 2338 1073 2408 cipisa
1111 2337 1274 2402 stolorum,i
1294 2339 1337 2392 uis
1352 2338 1437 2394 iomes
1450 2340 1609 2396 dermtarit.

133 2411 235 2534 liugane
248 2413 331 2466 etiam
345 2411 418 2465 omni
433 2356 506 2465 ciem
519 2422 570 2464 suo
585 2409 614 2464 in
626 2406 795 2479 presbyterio
807 2407 928 2479 proiecto
1014 2408 1048 2463 iit
1086 2423 1132 2462 um
1150 2408 1213 2491 W?
1230 2416 1272 2462 ter
1319 2409 1458 2491 alissimus
1471 2409 1592 2480 pontifex
1610 2410 1690 2480 quasi
1708 2411 1774 2466 hora

133 2497 178 2537 rrru
191 2482 317 2552 tiplieitcr
331 2480 478 2551 ampliavit,
493 2486 521 2534 et
536 2493 645 2535 omnem
659 2478 817 2533 thesaurum
838 2478 865 2531 in
885 2490 929 2532 ta·
979 2478 1066 2533 north
1086 2486 1233 2532 eonlrcnuo
1249 2489 1443 2548 persensisset,
1464 2481 1554 2535 subito
1571 2489 1682 2551 propter
1697 2496 1773 2535 amo·

132 2553 222 2607 erario
235 2551 339 2606 celesti
355 2551 518 2613 recondidit,
535 2550 654 2603 urarime
670 2556 781 2617 propter
794 2546 926 2617 captivos,
979 2562 1037 2602 rem
1051 2548 1174 2603 ecciesiae
1186 2548 1259 2602 beati
1272 2547 1345 2603 Petri
1359 2551 1472 2618 apostoli
1486 2590 1494 2616 ,
1515 2558 1596 2621 atque
1609 2558 1712 2605 mutarn

131 2631 160 2675 et
174 2622 282 2676 exsudes
295 2636 341 2676 eoa
351 2634 405 2674 nnn
419 2627 524 2674 tanturn
539 2633 555 2672 a
569 2618 760 2673 transmarinis
773 2617 928 2687 regionibus
978 2618 1149 2687 regrlnorum
1175 2617 1284 2671 iliarum
1305 2618 1537 2685 devastationem,
1563 2620 1643 2675 nudis
1663 2620 1723 2690 pedi
1743 2636 1777 2674 us

132 2692 206 2747 uirum
223 2707 255 2745 ac
271 2691 397 2745 mulieres
417 2704 493 2753 auro,
514 2702 562 2744 seu
581 2695 695 2756 argente
715 2686 861 2750 redimens,
881 2700 929 2741 re·
979 2682 1159 2741 discaioertus
1177 2687 1304 2756 pedester
1326 2690 1457 2743 cucurrit.
1484 2690 1533 2744 Cui
1555 2699 1631 2744 marta
1652 2688 1775 2758 omnipo-

131 2775 192 2815 rmu
216 2763 298 2815 etiam
319 2772 369 2831 per
390 2760 481 2830 longia
502 2772 536 2812 ua
557 2758 664 2812 riarum
688 2755 800 2822 itinera,
825 2756 927 2825 passim
979 2756 1161 2811 tentisileiin
1174 2756 1361 2825 ejusadventu
1380 2754 1566 2814 misericordia
1580 2758 1724 2825 atiiuit,pt
1737 2758 1775 2814 io-

131 2831 323 2902 pcruuirendo,
348 2838 406 2884 tam
429 2830 454 2882 in
475 2774 610 2899 disponis
630 2827 769 2897 partibus,
792 2838 928 2897 suasuque
978 2838 1041 2880 cum
1060 2828 1087 2881 in
1106 2842 1160 2895 quo
1180 2826 1256 2896 prius
1273 2826 1343 2880 idem
1356 2827 1662 2898 coangciieuspontiien
1674 2828 1775 2885 consfi-

131 2900 298 2971 persinnuia
312 2900 371 2954 inea
389 2898 541 2963 irrueniens,
559 2897 630 2952 sicut
643 2898 730 2952 honus
744 2904 771 2950 et
785 2909 928 2967 ueruspa·
978 2894 1123 2965 sitneque
1162 2910 1207 2949 am
1217 2894 1331 2951 ulterius
1341 2897 1456 2967 impetus
1468 2899 1538 2969 ignis
1548 2897 1699 2968 tmrrsgrcdi
1712 2911 1774 2967 per-

131 2979 201 3033 ator,
216 2944 251 3023 ad
272 2970 382 3040 propria
396 2968 532 3038 penirrxit.
678 3035 684 3048 Ι
875 3034 882 3048 ·
978 2966 1062 3021 misit
1087 2910 1213 3036 Sedmtpae
1232 2965 1280 3048 liei
1295 2965 1466 3021 elementiam
1483 2967 1668 3048 consummet
1685 2966 1776 3021 multi»

167 3039 243 3094 iecit
262 3048 353 3094 autem
371 3040 399 3093 iu
419 3052 499 3093 sacro
516 3035 595 3091 altari
613 3034 777 3090 neni-roan
796 3034 926 3106 principia
979 3034 1045 3091 tudo
1055 3034 1185 3101 ddeiium,
1200 3050 1245 3105 qur
1259 3035 1372 3090 aderant
1382 3037 1546 3093 decertando
1555 3039 1627 3093 acics
1638 3038 1707 3108 ignis
1719 3036 1775 3092 ileo

131 3109 316 3177 apostmnrrun
328 3115 431 3162 restem
444 3107 520 3161 mira
532 3105 726 3175 magnitudinis
735 3104 887 3175 pulchram,
898 3114 925 3160 et
951 3154 961 3175 ,
979 3107 1127 3161 miserante
1142 3106 1277 3162 exstincta
1292 3113 1343 3161 est.
1371 3105 1472 3176 sicquae
1483 3106 1623 3178 peractum
1636 3115 1680 3162 est
1691 3116 1722 3161 ut
1734 3115 1775 3162 to·

131 3179 288 3231 decoratam
313 3178 408 3242 rriunis,
429 3192 463 3231 ex
485 3190 552 3231 auru
571 3175 740 3253 gernmisque
756 3156 961 3239 connatam,(1
978 3176 1032 3231 tius
1044 3177 1133 3230 noctis
1146 3176 1359 3245 apatiurnuspue
1373 3177 1406 3230 ed
1420 3191 1546 3231 auroram
1556 3191 1736 3247 perseverans
1747 3177 1774 3232 in

130 3247 206 3314 prati
226 3255 349 3300 errantem
363 3247 515 3312 iristmirm,
535 3246 653 3316 quainter
672 3245 742 3299 idem
759 3258 774 3298 a
794 3243 925 3298 ostoiuar
976 3246 1071 3300 eodem
1085 3244 1144 3300 ioco
1158 3245 1318 3314 perstiterit.
1341 3241 1418 3300 ilnde
1430 3248 1601 3316 postmodum
1617 3254 1658 3301 ter
1675 3247 1778 3302 ineatis·

130 3317 210 3369 rinru
224 3317 246 3371 is
257 3329 307 3385 per
319 3316 445 3386 angeium
458 3324 569 3386 emptus
586 3322 639 3369 cst.
663 3313 692 3368 iu
708 3311 753 3381 eiu
846 3328 927 3369 sene
976 3314 1063 3369 simus
1078 3323 1172 3384 pastor
1186 3315 1362 3370 considerans
1374 3314 1483 3370 iliorum
1495 3317 1697 3388 peregrinorum
1713 3317 1774 3371 ino·

131 3384 209 3439 rabili
229 3384 351 3448 hasilica,
372 3394 435 3440 ante
451 3385 554 3439 aditum
571 3399 633 3454 apum
647 3383 722 3437 dircit
736 3384 770 3436 ad
784 3397 884 3452 corpus
898 3384 926 3436 la
976 3385 1060 3453 piam,
1072 3384 1177 3452 qnaeoh
1187 3384 1676 3509 insidiasdialaoiicaeiraudisirff'fsit
1698 3395 1774 3441 tante

130 3454 190 3510 ioco
203 3454 324 3519 Fer-rata,
341 3454 628 3517 aitareeonstiurit,in
660 3453 926 3507 rroetvenerandum
976 3454 1046 3507 riona
1067 3461 1195 3521 mumque
1215 3451 1358 3517 tenenda,
1377 3452 1448 3507 sieut
1468 3468 1576 3524 semper
1634 3455 1688 3509 itus
1703 3462 1774 3522 erat,

130 3524 203 3579 heati
221 3524 292 3578 Sinti
313 3525 443 3594 nrartyris
462 3536 478 3576 a
510 3536 544 3577 uo
564 3468 702 3591 pontiacis
721 3532 820 3590 corpus
839 3520 925 3575 hone-
977 3523 1004 3577 iu
1021 3536 1115 3577 eorum
1136 3520 1345 3576 necessitatibus
1361 3522 1520 3591 impertivit,
1540 3525 1637 3578 tamin
1653 3533 1775 3590 auro,et

130 3593 251 3648 ctissime
271 3592 474 3648 collocarinil
524 3597 552 3646 et
571 3591 688 3659 desurper
707 3604 801 3670 areum
819 3591 927 3646 nrusiro
976 3598 1099 3662 urgento,
1120 3590 1161 3645 rel
1173 3604 1318 3661 corporum
1333 3588 1500 3659 indumenta,
1515 3608 1597 3662 guam
1611 3594 1714 3663 reliqum
1728 3609 1775 3649 ue-

128 3671 291 3719 exornatum
302 3663 431 3717 decenter
441 3661 579 3716 instruxit.
600 3658 688 3714 Simili
701 3659 780 3714 modo
791 3674 818 3713 nr
831 3660 926 3714 eadem
976 3661 1096 3716 mesano
1109 3661 1239 3715 adimente
1249 3661 1341 3715 omnia
1352 3661 1462 3716 atherius
1472 3664 1705 3719 auinininrahat.
1720 3662 1774 3719 Sed

129 3733 315 3789 sacratissima
327 3732 399 3786 heati
421 3732 493 3786 Petri
514 3728 627 3801 aposloli
647 3729 770 3794 ecelesia,
789 3729 866 3800 juria
882 3730 925 3783 in·
976 3741 1004 3788 ct
1017 3732 1146 3786 silvarum
1162 3730 1268 3799 copiam
1285 3746 1334 3801 pro
1350 3731 1484 3802 lignorum
1497 3734 1622 3800 utilitate,
1634 3742 1771 3805 imotenus

130 3819 254 3875 gressum
267 3803 312 3873 qui
323 3802 398 3857 ducit
409 3802 443 3856 ad
454 3802 563 3856 Beatam
576 3799 760 3864 Petroniiiam,
777 3803 926 3853 oratorium
976 3801 1123 3867 domieiiia,
1136 3802 1208 3856 sieut
1220 3808 1284 3855 ante
1296 3801 1324 3854 iu
1337 3802 1432 3856 cedern
1453 3801 1512 3858 loco
1530 3804 1649 3868 inerant,
1669 3803 1773 3858 utiliter

130 3888 245 3929 summe
261 3871 455 3943 magnitudinis
470 3879 552 3943 atque
571 3869 782 3942 pulchritudinis
796 3869 926 3923 decoran-
976 3878 1171 3926 restaurarent.
1197 3869 1335 3925 Particum
1352 3872 1436 3925 ctiam
1450 3887 1512 3941 qum
1528 3876 1564 3928 air
1581 3876 1676 3929 eadem
1694 3873 1771 3928 chade

131 3951 174 3999 ter
188 3942 349 3998 construxit.
366 3942 400 3998 lit
415 3956 496 4065 super
509 3940 649 3997 columnas
663 3939 691 3993 in
708 3939 869 4009 utradriiicio
881 3954 927 3993 cn·
976 3950 1080 3996 uastata
1094 3951 1137 3995 est
1149 3941 1292 3996 decentius
1311 3955 1392 4011 quam
1411 3941 1500 3996 iuerat
1519 3945 1546 3998 in
1561 3944 1658 3998 meiius
1674 3942 1775 3997 damis-

131 4023 269 4069 ruerantes
278 4014 393 4078 nrusiro,
407 4026 443 4082 pu
454 4012 583 4094 cirrisque
594 4009 711 4065 nretuliis
724 4009 872 4064 decoravit.
896 4009 926 4093 in
976 4011 1045 4094 sime
1059 4013 1231 4067 restaurarit.
1395 4081 1420 4095 ..
1522 4082 1529 4095 ἡ
1641 4081 1647 4094 .
1682 4081 1689 4093 υ

131 4080 927 4232 :tifhtiit‘nlitilitndiullii‘iddtni
976 4081 1062 4207 ,uid
1076 4079 1774 4223 111111111ιιιιιιιιιιιιιιιιις

133 4220 191 4286 not,
208 4221 403 4277 memorialiter
423 4221 626 4290 honorificeque
648 4220 810 4276 recondidit.
834 4219 864 4274 in
879 4234 927 4274 eu·
976 4223 1018 4276 sui
1033 4223 1091 4276 rein
1110 4221 1143 4275 de
1160 4221 1338 4292 cingendam
1361 4236 1410 4292 per
1429 4237 1510 4278 areos
1530 4220 1700 4292 presbyterii,
1723 4221 1773 4275 ira-

129 4290 176 4360 jus
200 4292 323 4347 absidam
351 4293 496 4373 iuraglnem
521 4292 732 4362 pulcherrimam
758 4290 791 4344 de
813 4298 926 4361 argento
977 4291 1068 4346 bentia
1094 4292 1237 4346 historiam
1260 4291 1294 4346 de
1313 4291 1483 4348 mirabilibus
1506 4291 1689 4361 apostulorum
1712 4306 1773 4360 quai

131 4371 290 4418 exarmatam
311 4376 375 4417 cum
390 4361 507 4417 dmersis
530 4362 650 4418 historiis
669 4361 741 4415 inter
761 4374 926 4415 marmorum
976 4376 1090 4486 zeelem
1108 4361 1238 4416 ilominus
1255 4362 1363 4431 operari
1382 4358 1508 4430 dignatus
1527 4369 1580 4427 est,
1599 4375 1712 4415 numero
1725 4359 1771 4414 iii.

1000 4447 1032 4488 ec

132 4432 349 4488 constnrctiones
374 4431 633 4505 [corrcrustationes]
656 4430 796 4485 ordinatas
816 4430 925 4497 indixit,
1042 4433 1127 4487 esiam
1142 4431 1225 4486 etiam
1240 4431 1406 4486 beatissimae
1415 4431 1515 4487 Christi
1531 4431 1660 4501 martyris
1672 4429 1774 4491 Praxe-

131 4517 193 4573 qute
206 4512 321 4572 pensant
338 4502 421 4557 iihms
433 4501 468 4556 aa
481 4510 508 4556 et
521 4502 614 4566 sennis,
630 4500 765 4571 simulque
781 4508 810 4555 et
823 4500 877 4554 iiiia
893 4501 1030 4569 iendis,
1046 4517 1106 4642 alnae
1121 4502 1256 4571 qrmrrdam
1274 4501 1373 4572 priscis
1393 4501 1525 4558 edilicata
1546 4499 1714 4571 temporibus
1729 4502 1771 4556 ni-

132 4579 248 4643 argento
258 4572 398 4641 pensantia
411 4572 540 4626 iiirrasii
555 4580 582 4627 et
596 4571 691 4627 uncias
705 4571 781 4626 duas.
802 4568 858 4625 iles
872 4585 926 4625 non
981 4573 1036 4628 mio
1065 4587 1109 4627 am
1125 4571 1225 4626 lassata
1243 4571 1331 4635 senio,
1347 4570 1385 4624 ita
1401 4581 1433 4626 nt
1450 4587 1465 4627 a
1481 4571 1662 4626 laudamentis
1675 4584 1773 4629 casura

132 4643 325 4712 eiganataser
339 4641 928 4713 argentapurissimunumeroseptempen-
979 4643 1087 4697 ruinam
1111 4643 1152 4696 sni
1177 4640 1348 4705 minaretur,
1372 4641 1444 4696 idem
1464 4640 1627 4697 remmhiiis
1651 4638 1771 4709 perutiles

132 4718 224 4765 sames
236 4711 315 4767 simui
325 4712 409 4767 lihras
422 4710 455 4765 iii
467 4712 549 4767 semis
559 4720 588 4766 et
597 4710 693 4766 uncias
702 4710 780 4764 duas.
795 4710 926 4782 imagines
979 4712 1064 4783 (iilius
1077 4713 1184 4766 ruinnur
1194 4719 1257 4765 ante
1266 4711 1426 4781 pmndem,
1439 4712 1581 4780 meniana
1591 4709 1712 4765 ecclesie
1725 4725 1773 4765 eu-

132 4781 216 4835 etiam
230 4781 265 4836 de
275 4789 388 4853 argento
400 4788 544 4836 exauratns
555 4781 618 4836 iecit
630 4782 658 4835 ln
670 4780 766 4835 eodem
778 4781 927 4836 venerabili
978 4796 1037 4837 rann
1051 4783 1193 4846 adhibens,
1208 4782 1262 4835 iilic
1276 4781 1389 4852 pervigii
1403 4782 1502 4851 saepius
1512 4780 1642 4852 existens)
1652 4781 1680 4835 in
1689 4780 1771 4835 nium

131 4850 192 4906 luco
209 4866 325 4905 nauucro
345 4859 409 4906 tres.
435 4848 522 4907 Unam
541 4848 693 4906 salvatoris
714 4848 822 4906 Domini
838 4851 925 4906 nostri
977 4868 1033 4908 non
1048 4851 1129 4923 longe
1143 4851 1287 4906 &mutans
1301 4851 1398 4914 iocum,
1415 4851 1442 4905 in
1456 4851 1596 4907 meliorem
1612 4865 1673 4906 cam
1690 4864 1772 4921 qum

131 4919 195 4976 lesu
215 4918 327 4981 Christi.
347 4928 376 4975 et
394 4919 463 4978 duas
484 4920 598 4976 niiornrn
613 4922 757 4977 beatorum
773 4928 925 4993 martyrum
978 4920 1643 4992 dudumiuerat,ereaitstatunrdlihhsidamrero
1650 4920 1770 4991 εῇιιιιιιιι

130 4990 256 5046 i’rtteessi
269 4997 298 5044 et
312 4986 476 5056 liartiniani,
487 5001 636 5062 pensantes
649 4989 757 5046 insimni
772 4990 854 5045 libras
872 4991 924 5045 tri·
975 4994 1099 5049 ecciesiae
1110 4993 1216 5048 mnsiro
1228 5004 1312 5062 opere
1321 5000 1482 5046 caetitatem
1491 4991 1579 5047 rariis
1590 4991 1771 5047 decenterco-

131 5062 206 5131 ginta
218 5074 276 5115 sex.
300 5058 356 5115 lies
370 5072 423 5115 non
438 5070 467 5116 et
485 5062 565 5118 aliam
580 5060 727 5133 imaginem
741 5072 775 5115 en
795 5070 862 5116 auro
876 5075 926 5131 pn·
975 5062 1079 5119 iorihns
1087 5061 1236 5119 meandi.
1252 5060 1466 5118 Simiiimodeet
1475 5076 1570 5119 arcum
1580 5058 1769 5129 triumphalem
1791 5087 1796 5097 ·

132 5131 241 5186 rissimo
254 5131 351 5185 obtulit
361 5130 395 5185 ad
405 5139 532 5187 ornatum
539 5129 597 5202 jam
606 5130 711 5201 praelati
723 5131 847 5197 oratorii,
860 5143 928 5200 pen·
976 5132 1080 5190 eisdem
1089 5131 1205 5187 metaliis
1214 5131 1314 5185 anirum
1326 5131 1354 5186 in
1367 5131 1478 5187 modurn
1491 5131 1636 5203 perfidem
1645 5126 1768 5195 compsit.

132 5209 239 5256 sutilem
253 5199 336 5256 libras
349 5200 384 5256 it
398 5211 425 5257 et
441 5201 536 5258 uncias
555 5210 619 5257 tres.
643 5200 730 5256 Simili
749 5200 829 5256 modo
849 5200 926 5255 cani·
1013 5202 1063 5260 iiic
1078 5202 1251 5259 beatissimus
1268 5208 1296 5257 et
1312 5202 1463 5272 preclarus
1475 5200 1597 5273 pontiien
1611 5199 1694 5254 muita
1708 5211 1769 5277 cor-

132 5279 189 5327 stra
203 5285 236 5325 en
250 5270 428 5327 mundissimo
447 5282 560 5344 argento
573 5286 686 5326 numero
699 5278 772 5336 octe,
785 5270 927 5340 pensantia
977 5286 1046 5345 pora
1064 5279 1222 5328 sanctorum
1239 5271 1342 5327 huius
1360 5271 1388 5326 in
1405 5273 1570 5328 coemeteriis
1588 5267 1704 5340 jacentia
1725 5281 1770 5335 pra

131 5340 223 5397 omnia
237 5339 322 5396 libras
335 5348 392 5397 tres
406 5350 433 5397 et
450 5342 638 5413 rguadmginta.
659 5339 856 5411 Pariterqneet
867 5354 929 5396 eou-
979 5343 1170 5408 soiiieitudine,
1186 5357 1222 5397 ne
1239 5350 1413 5399 remanerent
1431 5340 1577 5413 neglectui,
1590 5350 1716 5408 emmas
1728 5346 1769 5388 ιι-

169 5470 208 5543 (a)
223 5471 277 5555 Sed
288 5490 370 5545 nenne
380 5475 429 5530 hoe
439 5475 542 5560 silentio
552 5476 773 5546 pretereundum.
790 5476 926 5560 ilescriliit
979 5474 1067 5529 dorici
1076 5475 1242 5557 contrarium
1253 5475 1354 5557 apertis
1366 5474 1457 5529 verbis
1471 5469 1615 5555 desoriintt.
1633 5448 1697 5524 δἐι.
1706 5466 1764 5569 liin.

131 5539 925 5692 1111111111111ἰιιιιιιιιιιιιιιιιι
976 5542 1767 5696 1111111111ιιιιιιιιῗιιιιῗιιιι

132 5683 242 5764 etardum
268 5683 350 5739 uliam
373 5687 555 5756 suspicionem
579 5687 716 5742 commissi
743 5688 869 5743 criminis
892 5694 920 5742 el
977 5686 1074 5740 deeora
1085 5693 1114 5740 ct
1124 5693 1228 5755 integra
1241 5685 1328 5739 adiutae
1341 5689 1440 5738 enatat.
1457 5680 1526 5737 Vade
1538 5678 1685 5734 Βιιοιιιιιιιι
1695 5690 1767 5733 anuo

132 5751 272 5810 honre-adii
297 5757 454 5821 incurrerit,
477 5773 632 5824 nutanuuam
655 5765 752 5814 auctor
780 5759 846 5815 Vitae
869 5756 921 5813 Lu·
976 5755 1128 5821 8i8,utttn.
1142 5754 1184 5810 15.
1199 5752 1236 5808 Ιι.
1533 5772 1540 5782 ·
