3810 6120
84 312 154 372 toea
341 298 345 304 ’
384 306 514 366 numen
532 286 716 365 cumensis
732 304 889 366 umscont
906 304 1066 368 mounes
1085 309 1155 369 nno
1173 310 1242 370 sus
1263 311 1424 371 utoecnst.
1649 318 1718 376 root

81 423 226 479 secundam
235 423 420 478 correctionem
433 422 519 477 demta
533 421 597 494 (Tit.
613 437 655 488 ιιι,
672 421 726 492 lu).
737 419 878 488 Quomodo
890 426 914 486 Α
924 414 1047 479 surrexit
1061 444 1071 477 ι
1087 424 1165 496 qtrasi
1178 425 1265 496 prima
1279 435 1306 480 ct
1320 427 1440 482 maxima
1461 427 1588 484 Ecclesia
1607 432 1719 488 canna-

81 530 149 585 ergo
173 514 240 569 tales
263 513 421 585 episcopos,
443 512 555 569 abbates
573 511 616 567 vel
638 510 779 583 religiosos
800 509 874 585 [reli-
926 522 980 568 tem
995 515 1065 572 ioeda
1078 516 1192 571 ninnium
1204 517 1350 588 pollutione
1364 519 1679 595 contamineturiigitur
1691 524 1719 581 ln

48 658 49 662 ,
71 604 287 677 'apros1clerioos
303 605 471 671 devitamus,
486 604 509 660 si
520 618 615 660 eormu
625 604 724 659 misma
737 604 872 670 audimus,
925 603 1069 663 iiomiuum
1082 610 1232 679 ct'propter
1245 607 1388 664 Dominum
1400 617 1518 667 nestram
1528 610 1717 671 excellentiam

80 710 143 754 cum
156 696 266 767 qulbus,
282 697 304 753 si
323 696 366 753 tel
381 696 460 753 simul
473 710 593 762 oramus,
614 695 874 766 excommunicanio·
925 705 952 751 et
963 711 1057 753 omncs
1077 697 1171 754 iidelcs
1187 697 1289 756 Cladsti
1306 714 1432 770 rogamus
1449 709 1478 755 cl
1499 702 1677 768 obtestamur,
1694 702 1719 762 si

80 797 143 843 nem
157 787 303 843 subimus?
322 786 395 854 Quos
409 785 517 858 quidem
531 783 687 840 sacerdotes
699 796 760 839 esse
774 781 871 838 saitem
925 783 1025 840 habero
1045 794 1150 858 partem
1178 787 1206 842 io
1232 786 1340 844 Chdsto
1360 789 1470 859 cespitis,
1484 805 1656 863 summopere
1676 792 1720 848 in-

79 878 192 934 credere
213 877 324 934 omnino
348 890 442 932 errare
467 882 528 941 est,
556 888 619 929 cum
640 870 739 929 Petrus
769 871 874 928 Simoni
925 882 1011 940 stato,
1025 883 1056 930 ut
1071 882 1126 931 um
1142 892 1212 932 secra
1226 878 1439 951 promiscuum
1453 881 1719 955 uniuersosjanpo·

79 971 153 1027 dieat
176 984 184 1024 a
203 967 321 1024 Pecunia
336 979 383 1024 tatu
403 979 488 1024 tecum
504 968 539 1023 sit
556 968 584 1021 in
602 966 776 1038 perditionem
782 981 792 1031 ,·
810 964 873 1036 qnia
924 964 1001 1036 pulos
1009 979 1201 1039 usquequaque
1216 968 1352 1025 satiando
1362 978 1465 1025 aeterrra
1478 979 1566 1026 morie
1579 971 1715 1037 multavit,

39 1107 41 1110 ,
78 1059 340 1115 edetintenidonsm
352 1054 871 1132 numanuspomdsrcitctnurno).
925 1064 1013 1111 nostra
1028 1057 1482 1131 auctoritateetesemplopenltus
1500 1061 1667 1129 (insinnatur,
1682 1075 1717 1120 tte

80 1148 132 1206 itin
145 1163 208 1203 com
227 1149 384 1202 existimasti
398 1147 511 1213 dicitur,
535 1156 610 1219 patet
622 1148 686 1219 guia
701 1162 756 1205 uon
774 1162 824 1218 pro
837 1160 872 1201 eo
923 1143 1046 1210 ulterius,
1062 1145 1225 1217 qnodaosit,
1241 1147 1268 1202 in
1280 1145 1410 1217 Spiritum
1423 1162 1548 1218 paccare,
1560 1149 1713 1220 ncqueldc,

79 1240 152 1312 quod
172 1238 284 1305 iecerit,
308 1239 355 1294 sed
378 1241 441 1312 quia
465 1239 554 1297 iacere
573 1255 603 1295 se
625 1252 705 1310 posse
728 1238 874 1294 crediderit
924 1253 1011 1309 ncqrte
1025 1239 1052 1293 in
1066 1236 1157 1293 iuturo
1173 1239 1272 1295 secuto
1282 1241 1447 1295 remittatur.

80 1330 289 1395 condemnatur,
314 1341 327 1371 ⁸
350 1346 412 1387 oum
436 1340 527 1388 tamen
546 1331 636 1387 minus
656 1331 692 1386 sit
715 1329 873 1384 existimare
986 1344 1140 1385 annonario
1159 1344 1339 1386 courncronts
1358 1346 1386 1385 m
1404 1345 1473 1386 nanc
1491 1346 1648 1387 nmssoanu.
1755 1394 1759 1405 1

80 1435 162 1492 quam
184 1420 306 1476 credere.
333 1419 401 1475 Cum
421 1420 512 1493 itaque
528 1420 686 1477 haereticum
701 1413 874 1488 quilemcun·
957 1418 1105 1491 Epistulam
1131 1420 1201 1474 haue
1216 1420 1332 1490 primum
1352 1421 1461 1491 qrridem
1487 1436 1503 1475 a
1528 1436 1572 1478 rno
1594 1420 1717 1492 clamari

78 1523 131 1582 que
143 1524 214 1576 esse,
226 1509 262 1564 sii
276 1516 350 1565 certa
363 1518 391 1567 et
400 1508 550 1566 indubitata
562 1507 710 1572 damnatio,
722 1507 788 1577 quid
800 1505 873 1561 vaiet
922 1510 986 1567 olim
1008 1511 1120 1582 putari3
1139 1509 1201 1566 dein
1216 1510 1274 1567 iere
1287 1512 1420 1583 integrant
1440 1519 1536 1567 nactus
1551 1527 1611 1567 sum
1621 1512 1650 1567 iu
1662 1510 1716 1568 Go-

78 1601 204 1666 irlanos,
218 1600 594 1668 Sabellianos,l‘notinianos,
614 1599 765 1671 impiosque
784 1596 872 1653 ilani-
923 1603 1006 1666 roho,
1031 1601 1137 1655 tandem
1159 1616 1221 1655 cum
1241 1601 1297 1670 jam
1314 1600 1396 1670 prasio
1419 1599 1613 1669 subjiciendam
1628 1601 1718 1656 dedis

77 1692 168 1747 chaos
185 1706 254 1760 pene
268 1692 335 1746 orbe
348 1692 495 1763 pepulisse,
510 1693 534 1749 si
551 1693 699 1747 simoniaca
713 1700 742 1745 et
755 1688 872 1759 oeophp·
922 1708 992 1756 sem,
1006 1692 1138 1761 integram
1158 1692 1246 1762 reperi
1267 1692 1337 1761 apud
1355 1691 1461 1745 ivonem
1478 1692 1585 1746 licorm
1604 1707 1664 1762 par.
1684 1707 1715 1754 n,

77 1790 166 1836 torum
188 1782 320 1846 heresis,
337 1798 410 1861 'qua
437 1792 467 1837 nt
494 1783 592 1837 boatus
614 1779 761 1852 Gregorius
787 1779 871 1843 dicit,
885 1799 909 1859 B
923 1799 947 1839 c.
966 1783 1016 1847 8i,
1029 1783 1076 1853 qui
1090 1782 1163 1838 illam
1181 1782 1281 1837 recitat
1295 1783 1346 1836 sub
1358 1781 1469 1850 praedio
1484 1781 1563 1836 titulo
1582 1799 1589 1833 ι
1611 1781 1653 1836 Ec
1667 1783 1715 1837 tie-

80 1880 171 1927 ‹anie
195 1887 290 1928 omnes
314 1873 342 1929 iu
366 1881 461 1931 saucia
481 1872 602 1931 Ecclesia
622 1868 870 1929 diabolicairaude
919 1875 997 1931 ermis
1011 1871 1150 1930 Poscitoila
1166 1889 1251 1945 popo.

114 2013 127 2042 ¹
147 2001 206 2058 ΗΜ
225 2019 311 2074 ”W
323 2003 477 2070 ⁰⁰⁸⁰¹²⁰¹¹⁸v
495 2003 568 2075 liud
582 2017 664 2073 (luem
683 2002 741 2059 nac
754 2000 871 2057 suooun
911 2006 1080 2063 traditiones
1095 2004 1273 2061 ecclesiarum
1285 2001 1411 2057 vendere.
1434 2000 1562 2070 Quisquis
1574 2000 1713 2056 conduxe-

78 2079 141 2129 iur:
161 2070 221 2128 «iit
232 2089 282 2128 uos
298 2075 347 2129 sub
362 2076 536 2130 anathemate
551 2072 739 2129 interdicimus
751 2070 870 2140 idipsum
919 2071 976 2142 iit,
997 2084 1045 2131 aut
1074 2074 1246 2137 vendiderit,
1272 2081 1320 2127 aut
1341 2071 1459 2133 emerit,
1488 2073 1630 2126 anatliema
1653 2069 1711 2133 sit,

77 2141 112 2196 ‘¹⁰
134 2142 230 2198 ¹¹³³&
253 2144 384 2211 ⁵⁵m⁰¹¹¹aes
398 2145 469 2200 sicui
479 2153 574 2199 sanem
595 2143 718 2199 decrerit
737 2143 867 2212 synodus,
919 2160 1009 2201 anteo.
1025 2146 1059 2200 Et
1072 2145 1269 2215 scamander-oui
1284 2156 1378 2197 omues
1388 2141 1470 2196 tertio
1484 2156 1490 2194 :
1506 2139 1565 2195 l'iat
1581 2139 1638 2193 liat.
1654 2158 1662 2191 ι
1678 2138 1713 2193 iit

77 2210 181 2267 nulium
201 2221 248 2267 aul
269 2215 445 2270 emissionum
456 2213 700 2276 consecrationem,
718 2220 766 2266 aut
778 2210 869 2267 arcini·
925 2218 962 2272 ita
975 2215 1126 2271 absolvitur
1135 2212 1250 2284 epistula
1264 2212 1301 2267 ad
1311 2211 1447 2267 mandens.

78 2283 314 2353 presbyteratum,
336 2293 384 2341 aut
401 2285 652 2343 commendationes
664 2282 808 2345 altarium,
825 2287 873 2336 aut

82 2398 1706 2466 w

706 2536 789 2581 idtio
811 2498 927 2581 novitii
948 2534 1087 2579 DCCCXX.

499 2638 1275 2949 numrfflus

701 3081 885 3144 comissis
902 3077 1104 3140 scissorum

774 3199 1012 3217 *ιο

437 3298 659 3384 Nouium
687 3290 967 3376 nisionlcl
996 3291 1051 3371 IN
1091 3286 1369 3368 iudiciiin.

662 3445 825 3516 illuminita,
835 3458 904 3499 coac.
917 3443 1013 3502 Germ..
1026 3447 1085 3492 tom.
1098 3440 1142 3504 li.]

112 3655 274 3728 iicmiginm,
286 3652 350 3709 aliis
363 3647 537 3712 Remedium,
552 3644 710 3701 iindmtem
731 3640 759 3697 io
773 3638 872 3695 illontia
884 3636 1051 3707 episcopum,
1065 3631 1167 3688 risisse
1184 3629 1256 3713 inter
1269 3625 1395 3709 iiiiii,
1410 3623 1531 3708 etloum
1543 3637 1657 3681 numero
1670 3623 1718 3682 do·

76 3731 179 3788 cimona
191 3739 302 3782 nonum.
318 3723 377 3795 ejus
391 3718 523 3775 Ecclesiae
533 3712 684 3786 presulem·
698 3710 778 3782 iusta
793 3707 966 3779 Sirrnspinium
985 3703 1086 3759 ilistor.
1101 3701 1272 3783 Germanicus
1283 3696 1410 3780 licineitae
1424 3696 1471 3779 ¹!¹‘·
1483 3711 1511 3759 x,
1526 3709 1588 3767 pag.
1605 3694 1675 3759 58t3
1689 3702 1718 3749 at

74 3800 152 3871 juxta
166 3795 325 3851 linrceiiuum
337 3793 496 3864 episcopum
508 3784 671 3858 vigesimum
685 3783 796 3836 tertium
811 3776 965 3834 Germania
976 3788 1062 3830 sacrae
1079 3779 1157 3856 porte
1170 3786 1224 3826 rma
1239 3767 1364 3840 legumus.
1377 3765 1501 3835 Captiuis
1515 3779 1578 3820 sara
1591 3780 1652 3836 quae
1673 3780 1718 3818 sc-

78 3876 250 3940 quuntur,er
263 3863 359 3920 lsidori
373 3859 471 3916 litteris
484 3853 665 3927 srrpposititiis
677 3860 801 3907 velerum
818 3849 1003 3903 Romanorum
1023 3842 1182 3914 ponttiicum
1194 3854 1262 3895 exce
1292 3849 1323 3922 ta
1346 3846 1430 3892 sont:
1447 3835 1497 3919 sub
1508 3833 1605 3917 damin
1618 3833 1718 3916 liagno

78 3937 270 3995 verosimiliter
290 3933 404 4002 scripta,
417 3930 473 3986 imo
487 3926 610 3999 ejusdem
618 3922 709 3990 jussu,
719 3928 750 3976 ut
764 3919 861 3976 scribit
870 3915 1026 3980 Goisiastus,
1038 3915 1135 3984 dequo
1145 3911 1224 3977 ualde
1236 3909 1271 3964 du
1293 3916 1346 3963 nto:
1360 3920 1422 3987 nam
1433 3904 1581 3961 isidoriana
1593 3903 1720 3984 collectio

78 4010 177 4064 Carmo
191 4007 289 4078 iiaguo
305 4012 370 4059 troo
386 4000 501 4058 minime
512 3997 574 4059 inii,
591 3995 632 4052 rui
645 3991 807 4074 liiouysiana
823 3990 858 4044 ab
872 3987 992 4042 ddriano
1004 3999 1074 4066 papa
1097 3982 1186 4038 eidem
1209 3980 1319 4063 dannaia.
1334 3977 1433 4033 inserat
1446 3988 1518 4047 saepe
1541 3979 1718 4029 aucwrttatca

55 4076 58 4080 ’
79 4079 227 4151 Scriptura
239 4091 325 4132 sacrae
337 4092 344 4130 :
356 4080 484 4128 nanterum
498 4082 533 4126 ex
547 4064 601 4123 iilis
612 4062 793 4137 supposititiis
811 4058 911 4115 litteris
924 4070 973 4112 sua
987 4052 1105 4127 capitula
1118 4047 1245 4107 coniuent.

82 4179 1713 4243 *Μ’-’,Μ
1855 4203 1860 4212 .

302 4328 537 4491 ιιιιιιι
590 4320 850 4484 umam
900 4316 1016 4477 rm
1071 4314 1185 4471 ιιι
1237 4309 1490 4466 uum

773 4561 1025 4632 ‹nuumtnnotsn

465 4784 487 4839 l.
887 4777 910 4841 C
925 4770 1043 4845 portioni
1056 4769 1234 4826 comuniscore
1255 4766 1344 4822 cibum
1366 4762 1412 4834 qrri
1426 4776 1475 4833 per
1491 4757 1656 4831 aqualiculos
1674 4757 1718 4817 dt-

269 4880 308 4935 lic
317 4879 424 4934 licentio
436 4874 553 4947 corporis
568 4870 683 4927 iiominr'.
924 4874 1015 4939 gestus
1027 4866 1054 4920 in
1066 4877 1202 4919 secessum
1224 4859 1354 4915 funditur.
1378 4854 1408 4911 si
1436 4854 1518 4925 igitur
1530 4865 1609 4907 mane
1624 4850 1718 4908 liutul-

78 4978 129 5051 (Es
143 4973 255 5047 epistula
269 4968 418 5028 Clementis
430 4968 463 5023 ad
474 4965 605 5021 iacobum
618 4959 871 5031 Hierosolymorum
923 4958 985 5013 oica
1007 4954 1166 5027 porrigitur,
1178 4965 1265 5022 usque
1283 4949 1318 5003 ad
1329 4954 1433 5050 sentam
1457 4942 1581 5014 jejunent
1597 4941 1715 4999 ministri

383 5036 565 5111 episcopum.)
923 5048 969 5118 qui
980 5063 1040 5102 aaut
1051 5041 1285 5115 consumpsorinn
1298 5044 1326 5095 ei
1346 5054 1369 5094 sn
1383 5033 1527 5101 tertia,rei
1539 5035 1716 5106 quartanum
1775 5072 1778 5079 .

113 5161 193 5217 (lente
207 5151 415 5214 tantoinaltari
430 5150 589 5207 holocausta
599 5145 871 5215 offensiunqaauta
923 5139 1087 5209 acceperint,
1112 5131 1254 5204 usquead
1276 5142 1429 5201 vesperam.
1451 5126 1497 5182 Sic
1520 5133 1625 5182 secreta
1648 5138 1715 5178 snu-

78 5250 177 5325 pnpuio
204 5246 329 5305 sufficere
341 5243 471 5308 debeant,
486 5238 559 5311 quod
581 5237 604 5294 si
626 5234 818 5298 remanserint,
843 5232 870 5286 iu
923 5228 1087 5286 otidcatione
1096 5232 1197 5280 aterna
1211 5218 1390 5276 eustodiendo
1403 5223 1467 5274 suni
1478 5224 1662 5272 morannum.

77 5342 228 5400 crastinum
247 5353 302 5395 nort
315 5344 500 5399 reserventur,
518 5332 641 5388 sedeam
653 5328 751 5384 timore
764 5338 793 5383 et
816 5332 872 5381 trc-
1302 5311 1335 5368 ii.
1400 5402 1407 5417 ι

79 5450 175 5501 more,
204 5431 366 5490 clericorum
393 5424 533 5498 diligentia
559 5424 791 5478 consummentur.
818 5414 884 5484 Qui·
1207 5402 1431 5501 constemens.

80 5535 171 5581 arntcm
192 5523 302 5581 residua
328 5517 453 5589 corporis
476 5514 594 5579 bomini,
617 5525 678 5583 quta
700 5511 729 5565 in
750 5506 874 5563 sacrario
1154 5495 1210 5568 (dx
1229 5493 1328 5596 cadus
1346 5480 1487 5558 epistola.)

10 5644 18 5653 ·
80 5617 175 5675 relicta
200 5624 280 5681 sant,
301 5598 473 5672 consumunt,
498 5622 552 5663 oon
564 5605 656 5662 statim
668 5601 703 5658 ad
716 5613 874 5658 communes
961 5594 1000 5648 iic
1025 5590 1100 5647 vasis
1121 5600 1188 5645 sane
1209 5598 1297 5643 saeros
1315 5579 1354 5632 ita
1367 5570 1516 5645 terentium
1527 5576 1572 5624 est
1586 5586 1594 5626 ι
1610 5563 1717 5625 nitaris

80 5707 252 5779 accipiendos
277 5703 353 5761 cibos
376 5698 560 5763 concordant,
585 5708 634 5752 nce
653 5697 750 5765 putent
773 5694 875 5745 sanctae
926 5684 1008 5755 palia,
1033 5680 1163 5740 catitcdra
1187 5669 1392 5733 mndclaim,
1407 5658 1549 5726 circinos,
1570 5658 1715 5720 silacsint
