3810 6120
131 318 186 378 δῶ
552 322 807 382 collectiones
824 323 859 379 tlt
878 322 1065 382 epistolas
1083 322 1128 380 ET
1147 324 1348 383 Evanouttt.
1708 330 1758 385 tto

130 430 290 489 oheoemm
319 431 484 489 omninibus
508 433 550 490 tel
576 432 790 490 detractionibus
823 448 955 511 auremq
1001 433 1106 508 Accepit
1119 444 1205 491 autem
1220 442 1307 491 omnia
1322 436 1409 500 timor,
1429 445 1454 492 et
1468 437 1682 509 maqnificninnt,
1704 416 1769 511 etc..

130 525 246 582 libentm
261 523 362 597 aperit,
380 523 453 584 banc
469 527 566 582 animae
587 540 642 583 aare
656 535 762 600 portam
774 525 869 582 mortis
882 524 921 584 ei·
973 527 1078 596 Quanto
1101 527 1268 599 desperatior
1286 527 1383 583 animae
1406 543 1479 584 mors
1498 529 1532 584 ad
1546 530 1630 586 uitam
1649 548 1760 589 revoca·

131 615 197 672 leit.
283 660 286 667 .
464 612 468 619 ’
973 629 1033 682 tur,
1064 625 1138 673 tanto
1167 619 1261 688 plures
1294 619 1387 674 eodem
1420 620 1594 692 corriguntur
1625 625 1759 695 ereruplo.

163 705 740 780 Eccetieq‘anctaaefferebatarfllimnicar
756 709 919 763 matrinae.
973 709 1039 765 vioe
1068 709 1151 763 David
1168 710 1347 779 prophetam,
1373 710 1435 766 uide
1454 711 1606 783 apostolum
1636 713 1759 781 Petrum,

130 798 278 856 Defunctus
290 800 345 864 bic,
368 801 413 872 qui
433 808 508 855 entra
522 810 627 872 portam
642 801 760 856 civitatis
776 799 867 857 multis
880 803 922 854 est
972 815 1086 871 quorum
1107 813 1160 869 quo
1181 799 1282 870 gradus
1300 800 1398 866 altior,
1423 816 1456 856 eo
1474 817 1553 858 casus
1570 805 1688 875 gravior.
1703 804 1761 873 Quo

130 890 296 946 inuentibus
311 890 407 956 elatus,
419 892 554 963 significat
573 893 710 949 homiuem
725 893 816 950 lethali
830 895 922 950 crimi·
972 899 1062 945 autem
1080 891 1189 963 gravior
1206 906 1306 957 casus,
1332 907 1364 948 eo
1392 886 1478 962 pietas
1497 894 1627 964 erigentis
1644 878 1766 967 gratior,

130 997 192 1038 num
208 979 302 1036 lunare
317 991 488 1053 soporatum,
504 984 680 1054 eamdemque
699 984 808 1054 insuper
824 985 922 1041 animo
971 995 1025 1051 quo
1034 995 1099 1036 vero
1111 981 1293 1052 gratiorinois
1300 981 1406 1039 Domini
1417 984 1502 1055 pietas
1514 987 1650 1057 apparuit,
1661 1002 1763 1044 eocar-

129 1081 245 1131 mortem
259 1087 313 1128 non
327 1074 416 1129 cordis
437 1074 523 1129 adhuc
539 1074 620 1130 cubili
645 1083 794 1147 tegentem,
818 1075 865 1131 sed
887 1075 922 1130 ael
972 1071 1025 1127 tior
1050 1072 1154 1128 eunctis
1173 1074 1367 1143 paenitentibus
1384 1089 1446 1144 spes
1468 1075 1563 1133 amotis
1582 1077 1718 1149 apparuit,
1733 1087 1764 1135 ut

129 1161 275 1220 multorum
296 1163 419 1219 notitiam
433 1178 482 1233 per
493 1163 637 1220 locutionis
649 1165 773 1235 operisve
793 1165 834 1220 sui
848 1163 920 1220 inut—
969 1161 1031 1232 jure
1046 1163 1201 1234 omnesqui
1214 1164 1328 1220 audiunt
1342 1163 1446 1220 dicant:

131 1252 214 1318 dum,
229 1252 306 1323 quati
321 1266 370 1324 per
383 1268 438 1308 suae
450 1253 568 1309 civitatis
581 1254 650 1309 ostia
660 1252 854 1324 propalantem.
870 1251 922 1321 oui
1007 1250 1077 1316 Quia
1091 1251 1162 1307 Deae
1174 1252 1287 1308 visitatio
1296 1251 1394 1323 plebem
1409 1272 1495 1310 auom.
1510 1255 1569 1313 Non
1583 1266 1687 1313 tantum
1701 1246 1768 1315 rer-¹

130 1347 197 1402 bene
210 1344 282 1401 otius
292 1346 389 1402 unicus
400 1347 496 1402 matris
507 1360 562 1401 sun
575 1345 658 1402 luisse
669 1347 843 1418 perhibetur,
858 1347 921 1417 quia
971 1342 1035 1396 bum
1046 1357 1124 1397 strum
1137 1343 1220 1398 semel
1230 1344 1438 1413 incorporando,
1449 1348 1495 1402 sed
1506 1349 1586 1402 etiam
1598 1357 1688 1404 nostra
1698 1349 1762 1418 boc,

130 1436 194 1492 licet
210 1449 227 1490 e
246 1433 340 1490 multis
354 1433 467 1490 collecta
487 1434 635 1506 persentis
655 1435 791 1493 lavacrum
817 1452 870 1492 una
886 1438 922 1493 ait
971 1440 1002 1487 ut
1013 1433 1137 1488 suscitari
1149 1433 1294 1489 debeamus
1307 1449 1415 1502 semper
1428 1436 1455 1490 in
1468 1438 1549 1491 conlo
1567 1439 1708 1496 mittendo.

130 1525 250 1607 perlecta
265 1535 292 1578 et
304 1524 473 1580 immaculata
489 1526 564 1597 virgo
582 1534 669 1579 mater
683 1525 811 1592 ecelesia,
824 1525 922 1598 singuli
1041 1543 1252 1601 qqsssspqpqqpp
1270 1545 1352 1602 xqu
1370 1546 1457 1603 pqsq
1476 1548 1688 1608 pE-pqqqfflgq

131 1616 230 1690 quique
245 1627 334 1671 tamen
359 1617 477 1672 bdelium
493 1616 653 1672 universalis
671 1633 700 1672 sc
718 1618 839 1674 ecelesiae
853 1617 924 1674 filios
970 1630 1097 1670 errarem
1118 1630 1196 1670 enarr
1215 1632 1292 1670 rantr
1306 1632 1433 1672 arosroct
1449 1635 1482 1673 ιιι
1496 1634 1630 1686 ernestus,
1647 1638 1706 1677 car.
1723 1640 1761 1680 ιι.

130 1706 280 1762 rectissime
292 1702 422 1761 latentur.
439 1705 506 1761 Nam
518 1714 545 1763 et
557 1706 659 1763 electus
677 1706 799 1779 quilibet,
813 1707 921 1778 quanio
1009 1723 1018 1754 ι
1034 1704 1152 1759 Obsecro
1159 1720 1206 1760 vos
1219 1720 1269 1776 ega
1279 1707 1384 1760 uinctus
1396 1724 1422 1761 ιιι
1436 1707 1560 1773 Domino,
1573 1718 1602 1764 ut
1618 1712 1697 1782 digno
1709 1730 1764 1768 arn-

131 1797 163 1856 ad
176 1797 257 1855 iidem
277 1797 417 1861 imbuitur,
434 1796 504 1854 filius
525 1809 584 1862 est,
601 1799 708 1869 quando
729 1799 796 1856 alios
811 1798 918 1865 imbuit,
934 1791 957 1849 Β
974 1812 982 1843 ι
1000 1794 1096 1850 boletis
1107 1796 1254 1857 vocatione,
1267 1812 1319 1865 quo
1333 1799 1418 1852 vocati
1429 1799 1505 1862 estis,
1520 1803 1663 1856 cumomni
1674 1803 1779 1876 Ιιιιιιιιι-Ι

130 1896 226 1946 mater,
249 1891 290 1943 Ᾰῃ
311 1903 365 1944 non
385 1899 508 1946 materno
525 1906 588 1961 erga
602 1887 729 1960 parvulos
749 1889 844 1962 agebat
857 1887 922 1945 2ss'p.
976 1884 1075 1938 riitale
1086 1885 1341 1947 etmansueludine,
1356 1901 1417 1940 cum
1436 1888 1562 1957 patientia
1573 1899 1767 1961 supportantes

129 1987 185 2045 ctu,
200 1979 247 2049 qui
263 1980 320 2034 ait:
345 1976 367 2031 F
369 1978 435 2032 ilicti
451 1981 500 2034 mei
509 2019 517 2045 ,
532 1996 596 2050 qaas
616 1982 710 2033 iterum
727 1980 856 2050 parturio,
875 1979 922 2033 rto-
975 1994 984 2025 ι
1001 1975 1115 2029 invicem
1127 1976 1154 2029 in
1165 1975 1306 2030 charitate.
1319 1977 1432 2032 Solliciti
1444 1994 1552 2037 serrare
1567 1984 1696 2040 ueritatem
1706 1987 1764 2056 opi-

130 2087 174 2125 m
194 2070 323 2139 formetur
336 2067 466 2124 cirrisque.
975 2084 983 2117 ι
998 2065 1303 2137 ritusinriumrlopaeis.
1312 2067 1399 2123 Unum
1410 2085 1509 2139 corpus
1522 2080 1549 2126 ct
1559 2089 1629 2128 tunm
1637 2074 1759 2145 spiritus,

164 2159 200 2215 Et
212 2159 269 2215 laoec
291 2160 371 2214 vidua
388 2169 460 2226 eret,
485 2171 509 2215 et
532 2161 609 2215 turha
630 2161 740 2215 civitatis
761 2159 843 2214 multa
863 2176 922 2213 cam
976 2176 984 2210 ι
1001 2159 1071 2213 sicut
1081 2160 1167 2214 vocati
1174 2160 1240 2215 estis
1251 2160 1278 2214 in
1288 2174 1340 2215 rrna
1350 2178 1399 2233 spe
1411 2164 1561 2220 vocationis
1573 2174 1676 2222 restra.
1690 2166 1767 2223 linus

131 2248 186 2305 iile.
200 2247 316 2305 Viduam
334 2263 394 2306 esse
408 2251 549 2307 ecelesiam
560 2252 648 2306 omnis
659 2244 747 2306 anima
761 2251 852 2320 sponsi
868 2250 922 2305 Do·
977 2269 985 2301 ι
1003 2250 1130 2306 Dominus
1143 2259 1169 2308 et
1180 2269 1232 2307 una
1242 2253 1319 2319 tides,
1330 2270 1413 2308 utrum
1425 2255 1565 2325 baptisma,
1577 2273 1645 2313 uirus
1656 2260 1727 2315 Deus
1738 2269 1765 2317 rt

131 2338 250 2420 mihique
264 2338 447 2395 auiscmorte
461 2339 626 2410 redemptam
645 2340 776 2406 meminit,
790 2341 920 2409 agnoseit.
976 2344 1284 2414 ‹pateromnium,qui
1301 2354 1440 2413 estsuper
1459 2357 1596 2403 ornnesct
1613 2352 1764 2420 ριιοιιιιιιιι
1820 2329 1826 2342 ’

132 2433 226 2491 Divino
242 2443 332 2491 atatem
344 2440 410 2488 nutu
423 2432 507 2488 multa
526 2432 668 2489 Dominum
685 2433 773 2496 turha,
787 2432 870 2489 mrrlta
883 2433 924 2486 ιιι-
976 2450 986 2482 ι
1002 2439 1029 2486 et
1040 2432 1066 2487 io
1078 2433 1204 2488 omnibus
1223 2434 1311 2490 roobia.
1327 2433 1431 2501 oulen
1450 2435 1606 2494 benetie-rus
1625 2438 1651 2494 in
1666 2440 1764 2497 aaectba

131 2526 210 2582 onam
235 2523 435 2589 comitabatur,
457 2532 488 2578 ut
506 2523 564 2577 viso
585 2531 659 2578 tanto
683 2523 823 2585 miraculo,
847 2521 923 2584 multi
977 2524 1285 2589 ‹seculorumlmcn
1305 2545 1316 2579 ι

49 2662 54 2673 .
131 2624 224 2683 testeo,
245 2615 323 2672 multi
340 2614 385 2670 Dei
399 2613 495 2670 fierent
509 2614 673 2670 laudatores.
1009 2612 1122 2670 Obsecro
1140 2617 1228 2688 itaque
1241 2633 1285 2671 eoa
1302 2634 1348 2687 eqo
1364 2620 1463 2674 ultratus
1475 2620 1502 2674 ιἰι
1513 2619 1636 2686 Domino,
1651 2632 1678 2676 at
1689 2623 1765 2695 aliquo

166 2707 254 2776 Qaera
267 2723 328 2762 cam
342 2707 447 2762 uiolaret
461 2706 555 2773 lerna,
577 2708 758 2762 misericordia
778 2719 862 2764 morus
875 2728 923 2764 rq-
973 2703 1121 2769 omhuletir,
1131 2714 1183 2760 etc,
1199 2706 1250 2777 (Ex
1264 2705 1385 2779 lileron.)
1400 2707 1489 2764 Potest
1507 2717 1533 2763 et
1552 2712 1579 2765 ιιι
1593 2712 1694 2767 Christi
1708 2717 1767 2769 tin·

132 2814 176 2870 per
193 2814 263 2862 caan,
282 2797 370 2851 dixit:
391 2795 453 2852 Noli
476 2798 549 2867 (lere.
575 2796 700 2862 Desiste,
719 2798 822 2868 inquit,
845 2802 922 2870 quasi
973 2792 1050 2857 culis,
1065 2800 1093 2848 ct
1113 2794 1140 2848 in
1160 2810 1271 2850 carcere
1292 2812 1343 2866 pro
1361 2798 1492 2868 martyrio
1513 2803 1683 2864 constitutus.
1707 2803 1773 2861 haee,

133 2885 352 2953 mortuumllere,
371 2902 451 2958 quem
464 2901 527 2942 mox
543 2888 633 2942 virum
655 2903 795 2960 resurgere
808 2890 921 2956 ridebis,
973 2884 1101 2940 scrihere.
1118 2885 1315 2944 lt.·1iusautem
1331 2899 1383 2954 cat,
1399 2890 1422 2944 si
1438 2892 1557 2946 vinctum
1579 2891 1685 2947 Domini
1700 2895 1766 2948 cha·

132 2987 157 3034 et
167 2974 280 3050 pulchre
293 2976 463 3046 Evangelista
478 2977 562 3034 Deum
580 2977 655 3046 prius
669 2978 923 3035 misericordiane·
973 2973 1052 3029 ritate
1066 2975 1198 3031 dicamus.
1221 2977 1269 3032 Est
1287 2988 1314 3033 et
1334 2979 1387 3034 alia
1409 2982 1552 3051 expositio,
1566 2997 1628 3052 qun
1641 2998 1678 3037 aa
1696 2985 1767 3039 reei-

132 3077 188 3124 tmu
199 3081 262 3124 ease
279 3082 361 3138 super
381 3075 496 3123 matrem
508 3107 515 3132 ,
533 3081 566 3122 ac
580 3067 621 3122 sic
633 3066 717 3123 illium
739 3068 871 3137 suscitare
884 3077 922 3124 te·
974 3064 1070 3133 pianda
1083 3066 1129 3132 sit,
1137 3067 1191 3122 erit
1201 3067 1228 3122 in
1242 3076 1375 3138 potestate
1386 3069 1505 3126 lectorio.
1517 3069 1657 3126 Vinculum
1670 3073 1768 3127 animae

132 3167 230 3224 etatem,
246 3167 275 3216 ut
287 3159 316 3213 ιιι
333 3175 387 3215 uno
402 3160 479 3215 nobis
493 3160 644 3231 exemplum
666 3159 802 3216 imitandae
813 3160 922 3231 pietatis
936 3134 958 3196 C
974 3164 1071 3224 corpus
1084 3156 1135 3212 boc
1144 3157 1207 3222 dici,
1220 3169 1247 3214 et
1257 3159 1320 3229 qnia
1331 3157 1432 3217 Paulus
1442 3161 1477 3217 ob
1487 3162 1667 3217 ministerium
1679 3162 1766 3218 Eran-

133 3252 295 3318 oeceuoereq
318 3253 344 3307 in
367 3251 452 3311 altero
471 3250 550 3307 nomn
567 3251 696 3307 mirande
715 3253 857 3322 potestatis
880 3268 924 3308 aa.
974 3245 1037 3315 qelii
1051 3262 1148 3317 corpus
1160 3250 1306 3318 acceperit,
1326 3259 1523 3322 consequenter
1546 3251 1648 3307 Christi
1661 3252 1768 3310 vinetus

133 3350 245 3399 emeret.
975 3338 1010 3393 ιιι
1023 3339 1181 3409 appellatus.
1195 3339 1341 3396 hrrrbulare
1359 3341 1510 3396 credendus
1523 3349 1576 3406 est,
1589 3344 1635 3411 qui
1648 3341 1767 3411 ingredi·

166 3429 202 3485 Et
216 3433 324 3488 cerruit
337 3441 360 3487 et
379 3433 460 3502 tetiqit
479 3431 604 3496 localem,
621 3433 653 3487 ιιι
668 3441 754 3487 ratem
770 3434 815 3504 qai
833 3441 924 3505 porta·
973 3436 1019 3483 tur
1032 3444 1080 3498 per
1092 3445 1152 3483 curn
1167 3430 1212 3499 qui
1226 3429 1309 3487 elicit:
1324 3429 1380 3500 Epo
1392 3447 1451 3486 anm
1464 3433 1515 3495 oia,
1530 3441 1557 3486 et
1571 3446 1625 3485 non
1639 3431 1767 3496 declinet,

133 3520 192 3575 iant
215 3529 352 3577 ιιιιιιιιιιι.
383 3521 500 3577 baculus
527 3522 553 3576 in
577 3537 630 3592 quo
655 3530 778 3577 mortuus
800 3521 922 3588 effertur,
974 3520 1107 3588 nequead
1122 3521 1259 3575 dexteram
1275 3522 1416 3589 nequead
1435 3522 1573 3576 sinistram
1588 3520 1684 3592 (ioan.
1698 3537 1766 3587 nrv;

133 3611 203 3668 utaie
228 3626 325 3666 tecura
348 3613 481 3682 desperati
508 3614 659 3683 peccatoris
685 3616 850 3672 conscientia
871 3622 921 3670 ese,
975 3604 1054 3662 l'roe.
1071 3607 1120 3678 ιι),
1133 3619 1160 3664 et
1176 3611 1275 3665 auertit
1288 3610 1384 3680 perlem
1398 3626 1475 3665 surim
1491 3611 1524 3667 ab
1539 3611 1614 3667 omni
1628 3609 1765 3676 ria'mala,

133 3701 259 3771 Quinem
270 3701 452 3774 sepeliendum
471 3711 590 3773 portant,
610 3704 652 3758 vel
667 3705 803 3759 immunda
819 3705 924 3760 deside.
973 3696 1177 3767 completurque
1197 3700 1223 3753 ιιι
1239 3713 1271 3754 co
1285 3699 1326 3754 :A
1348 3699 1458 3754 Domino
1477 3717 1581 3771 qreoaua
1600 3700 1768 3759 leontinitdi·

134 3792 185 3858 ria,
198 3806 260 3863 quae
274 3792 411 3849 hominem
423 3793 532 3863 rapiunt
546 3792 573 3847 ιιι
588 3793 737 3858 interitum,
761 3794 803 3848 rel
823 3794 924 3850 lenaei·
975 3786 1095 3854 rianrfer
1106 3785 1192 3859 (Psoi.
1206 3787 1308 3859 xxxvl)-

80 3884 85 3893 “
133 3883 177 3938 nia
188 3881 385 3938 blandientium
401 3891 464 3938 sunt
476 3892 608 3938 venenata
622 3886 767 3941 sociorum,
781 3883 845 3953 Quae
858 3902 923 3958 pec.
1009 3874 1075 3930 Cara
1095 3879 1164 3932 ononi
1183 3879 1329 3933 trunniaco
1353 3888 1377 3932 et
1402 3881 1615 3945 ntarrtueturiine,
1639 3898 1699 3935 cuae
1719 3897 1767 3942 on·

133 3981 193 4029 cata
214 3973 354 4038 nimirum,
376 3973 439 4029 dum
454 3973 591 4030 favoribus
605 3976 716 4043 tollunt,
739 3977 923 4044 accumulant,
974 3968 1074 4022 tientie.
1093 3968 1144 4036 Qui
1161 3978 1261 4023 terram
1276 3976 1307 4027 ‘21¹
1320 3969 1439 4024 cissefem
1453 3984 1555 4030 esitio
1567 3971 1650 4034 nolit.
1664 3980 1692 4026 et
1704 3979 1766 4039 9⁰³⁸

130 4068 922 4140 mnusquecanemqrqquqstaggererprmqbfuuqq
973 4058 1110 4128 paululum
1126 4059 1152 4112 in
1175 4058 1313 4129 pulverem
1327 4057 1536 4124 dissolvendum,
1560 4073 1698 4128 nunquam
1721 4075 1765 4114 au·

132 4155 171 4215 De
190 4157 288 4228 quibua
312 4157 376 4213 alibi
400 4157 519 4214 dicitur:
543 4158 651 4213 Dimitte
676 4167 792 4214 mortuno
816 4159 924 4229 sepelire
973 4155 1064 4226 peroio
1083 4154 1241 4220 elevabitur,
1265 4162 1291 4208 ot
1304 4154 1351 4223 qui
1372 4155 1418 4209 Dei
1439 4156 1589 4211 ,eternitate
1613 4162 1766 4225 perspecta.

133 4258 249 4306 mrtem
271 4266 332 4307 ωω
348 4248 455 4324 (Marri,
471 4251 542 4322 vm),
564 4252 685 4309 Mortuos
700 4254 798 4324 quippe
824 4255 924 4311 monui
973 4244 1053 4298 breve
1064 4252 1091 4298 et
1104 4257 1170 4314 pcne
1185 4243 1218 4298 ad
1232 4244 1323 4315 puncti
1339 4242 1424 4298 instar
1440 4243 1562 4298 humanae
1576 4245 1638 4298 vita
1649 4244 1766 4314 spatium

133 4342 282 4414 repletum,
303 4359 364 4400 pum
378 4352 534 4415 peccatores
554 4344 654 4415 quique
676 4348 716 4401 sui
736 4346 840 4403 similes
857 4347 924 4402 21103
974 4334 1107 4407 cogitarit,
1122 4333 1286 4391 autcoculos
1297 4349 1360 4390 suos
1373 4347 1480 4404 semper
1494 4335 1765 4401 babelitinteriturn,

133 4434 231 4490 nocivo
250 4432 343 4491 favore
360 4433 523 4497 demulcent,
547 4444 675 4506 congesta
692 4438 816 4506 passim
831 4437 924 4492 adura.
973 4425 1063 4479 etcrit
1075 4423 1418 4495 bumiiisarqueoejeetus:
1431 4425 1617 4480 onrrrisouoem
1628 4425 1767 4483 hornilitaa

134 4526 215 4582 tionis
227 4525 308 4592 maie,
324 4540 358 4582 ne
368 4542 421 4597 qna
434 4525 577 4595 aliquando
588 4542 635 4596 spe
650 4529 806 4599 resurgendi
819 4528 924 4598 potian-
974 4529 1028 4569 nou
1044 4524 1097 4568 tam
1113 4514 1138 4569 in
1154 4529 1278 4570 scribone
1292 4530 1373 4585 quam
1389 4515 1416 4570 in
1437 4523 1526 4570 mente
1541 4524 1593 4580 est,
1609 4524 1638 4568 ut
1652 4514 1767 4574 humileo

134 4628 178 4675 uu·
194 4618 360 4690 opprimunt,
381 4619 494 4674 Domino
510 4633 574 4689 el'sst)
596 4618 713 4674 loculum
729 4626 864 4689 tangente,
884 4618 925 4673 [ῃ.
973 4621 1023 4661 nos
1045 4620 1105 4661 8883
1128 4607 1293 4661 collscieltlitl
1319 4606 1435 4669 traverit,
1460 4613 1488 4660 ei
1507 4621 1643 4675 nttrtqttttttt
1661 4621 1711 4661 uos
1726 4604 1766 4662 Vbi

133 4712 208 4769 „erig
219 4709 301 4780 bajuli
316 4718 461 4774 peremne,
477 4709 664 4780 quiasqqemi
679 4708 924 4779 sqq-midinejuqicii
975 4699 1044 4754 scire
1073 4698 1113 4752 vel
1137 4698 1286 4768 intelligere
1313 4698 1354 4752 vel
1379 4713 1439 4753 cose
1464 4698 1565 4768 aliquid
1590 4698 1766 4755 aestimemus.

133 4803 416 4864 uaeramnsctonan,
428 4810 455 4856 er
466 4800 615 4858 ernanum
626 4815 698 4871 sepe
706 4797 924 4855 amoenorumve
976 4788 1150 4845 transiendo
1162 4805 1269 4859 quoque
1282 4790 1327 4843 tuta
1340 4799 1390 4853 est,
1413 4804 1473 4858 que
1487 4788 1559 4844 nulla
1574 4790 1697 4860 passione
1711 4799 1767 4844 rur·

133 4892 279 4964 luptatum,
292 4896 428 4964 etinjuste
439 4891 605 4948 laudantium
622 4893 728 4958 turham
740 4906 878 4955 coercens,
890 4891 925 4947 ad
975 4883 1065 4947 batur,
1089 4890 1117 4936 et
1140 4881 1292 4951 specialiter
1307 4881 1346 4936 ira
1365 4887 1392 4935 et
1413 4879 1504 4934 lurore
1520 4879 1665 4949 rurnpirur,
1684 4893 1766 4949 qoam

134 4985 252 5055 seipsam
269 4985 432 5048 revertitur,
449 4983 609 5052 rocmriquc
631 4982 664 5037 ad
677 4981 761 5038 uitam
773 4980 869 5037 lestina
883 4996 924 5037 re-
976 4976 1024 5046 qui
1040 4974 1174 5038 babuerit,
1196 4972 1401 5036 beatitudinem,
1425 4986 1485 5041 qua
1504 4970 1609 5027 Deretini
1626 4986 1691 5026 uoce
1705 4984 1767 5040 pro-

128 5073 250 5144 apoarlet
266 5073 410 5139 salvatori,
423 5073 494 5128 unde
505 5082 580 5127 recte
594 5072 736 5142 sequitur:
977 5070 1057 5127 missa
1076 5078 1126 5131 est,
1146 5076 1335 5136 consequetur.
1754 5060 1758 5069 “

168 5164 205 5220 br
225 5163 472 5227 restrictorem,
490 5163 535 5216 tibi
546 5162 605 5216 dico
617 5177 712 5231 aarqe,
734 5171 758 5216 et
772 5162 865 5216 resedit
879 5162 925 5232 qai
1011 5158 1200 5232 Supportontes
1214 5159 1320 5213 inritent
1337 5159 1363 5212 in
1377 5157 1515 5211 charitate.
1526 5155 1583 5211 lloc
1597 5156 1684 5226 ipsunt
1700 5153 1765 5210 milri

133 5264 190 5310 crat
208 5264 345 5317 mortona,
366 5263 391 5307 rt
415 5255 491 5322 cepit
512 5253 599 5323 toqui,
619 5261 643 5305 ct
665 5250 736 5305 dedit
757 5251 831 5306 illem
847 5252 925 5306 metri
977 5244 1766 5318 i·t·.te111rsig=rtocareerttlnoqrrooanoahnsan-
1812 5318 1815 5323 .

133 5359 200 5402 aaa.
220 5343 331 5405 Resedit
342 5343 440 5412 quippe
460 5343 578 5411 quierat
592 5351 725 5405 moratus,
744 5356 805 5398 eum
820 5344 924 5395 interna
977 5340 1050 5395 bitur
1072 5358 1078 5394 :
1102 5339 1263 5393 Alterutrum
1282 5354 1361 5392 onero
1384 5346 1468 5392 aestro
1488 5345 1589 5407 portate
1611 5330 1687 5404 (Gal.
1710 5331 1762 5404 rt).

74 5418 78 5427 ¹
133 5433 342 5506 compunctione
354 5433 491 5489 reviviscit
510 5442 646 5504 peccator,
669 5433 763 5504 incipit
775 5433 847 5502 loqui
861 5448 924 5487 cum
975 5432 1141 5487 Alterutrum
1161 5446 1243 5486 onera
1269 5439 1389 5500 portare,
1411 5431 1453 5486 rel
1475 5428 1586 5484 solierre
1602 5427 1715 5480 invicem
1737 5424 1767 5478 in

134 5524 243 5584 reducis
269 5524 367 5580 indicia
394 5524 455 5579 vite
480 5532 585 5578 citurus
612 5523 657 5593 qui
683 5531 824 5592 peccatum
849 5521 925 5576 lrrxe·
976 5521 1108 5575 charitate
1130 5535 1177 5574 eos
1194 5522 1328 5591 courplcrc
1357 5520 1480 5582 ιιιοιιιιιιι,
1505 5517 1551 5585 qui
1575 5513 1671 5569 diuites
1692 5522 1765 5579 stunt,

133 5624 195 5671 ram
219 5614 346 5670 ostomit.
372 5614 503 5670 llerliitur
527 5615 625 5678 ιιιιιιιι,
646 5630 705 5670 cum
728 5629 777 5684 per
795 5612 924 5669 sacerdo·
976 5621 1003 5667 et
1014 5611 1131 5682 inopiam
1146 5618 1294 5682 pauperum
1309 5608 1459 5665 strbtevant.
1474 5603 1528 5660 Nee
1540 5613 1696 5677 peccantem
1711 5601 1768 5657 ira·

134 5703 195 5757 talis
216 5703 324 5760 decreta
341 5702 435 5775 irroreii
454 5704 635 5760 cornrnunioni
655 5705 773 5759 societur
793 5701 923 5759 ecelesia.
977 5714 1056 5772 trem,
1071 5705 1238 5776 necinopern
1252 5701 1416 5769 eonoolmur,
1429 5699 1474 5771 qui
1487 5713 1540 5756 non
1555 5695 1765 5756 laletclrarita·
