3810 6120
112 291 167 349 885

627 286 804 343 coattlsnr.
825 287 859 342 ΙΝ
879 287 959 342 REG.
981 287 1010 342 S.
1031 287 1218 347 prnsurust.

1687 295 1737 349 88ss

108 404 208 460 dirius.
235 398 349 475 ideoque
374 398 423 451 boc
448 397 614 468 dispositione
638 400 768 455 credimur
788 411 898 470 utraque
913 403 937 460 ιι
950 397 1071 455 blouacbi
1087 409 1177 455 autem
1199 409 1343 471 operantes
1367 403 1530 458 meditarier
1554 405 1669 475 psallere
1690 411 1740 463 de-

109 506 225 564 temporn
239 488 369 553 ordinort',
386 487 413 541 id
431 496 478 554 est,
498 498 557 544 uto
578 487 682 545 Pucclm
695 508 776 562 usque
798 491 833 544 od
845 490 900 546 tlu-

108 584 201 640 lendos
217 580 349 646 Octobris,
368 594 445 634 mune
468 590 640 644 exeuntem
662 581 747 651 prime
765 598 846 652 usque
865 580 900 633 nri

109 679 202 732 boram
215 690 281 745 pene
303 681 424 742 quartum
436 670 554 726 laborent
574 673 643 742 quod
657 671 829 726 necessarium
844 669 900 740 [ne-

110 769 153 821 rr't.
179 764 218 819 st
242 764 308 818 born
327 771 415 816 cutem
439 770 532 832 qnertn
552 778 633 831 usquc
653 760 688 815 oct
710 761 803 814 borum
825 759 900 830 quari

108 864 210 912 scetem
225 852 330 906 lectioni
343 860 443 905 necerat.
458 849 546 922 Agent
555 851 636 916 dicit,
650 849 787 911 festinent,
806 849 847 903 rel
859 865 902 905 sa·

110 948 145 1004 tis
159 952 259 1018 agant:
277 945 329 999 boc
343 943 414 998 eninr
427 943 584 1013 intelligitur
596 952 682 1013 capent.
705 942 775 997 llinc
784 941 901 997 Isidorus

111 1041 169 1095 ait:
187 1037 307 1108 Propriis
322 1044 413 1091 antem
428 1035 595 1104 temporibus
605 1042 711 1105 oportet
724 1035 828 1104 operari
845 1050 901 1088 roo-

110 1133 238 1194 nachum,
263 1137 291 1183 et
313 1143 329 1181 a
347 1127 465 1197 propriis
487 1125 603 1181 orationi
622 1124 784 1194 lectionique
798 1124 901 1178 incum-

110 1226 184 1286 bere.
200 1221 287 1276 Horas
297 1219 371 1274 euim
384 1216 464 1272 debet
477 1216 576 1271 lrabere
593 1215 742 1269 monachus
756 1229 900 1284 congruas,

110 1311 184 1366 etad
199 1308 303 1379 singula
314 1306 401 1362 officia
414 1306 564 1374 deputatas.
583 1303 678 1359 Partes
692 1311 783 1358 autem
798 1311 901 1374 tempo-

111 1418 172 1458 rum
199 1399 256 1456 suis
284 1398 435 1467 quibusque
457 1395 584 1465 operibus
613 1395 703 1449 taliter
727 1393 899 1462 deputantur.

952 486 1026 552 bent.
1052 499 1082 544 ut
1097 506 1206 546 carmen
1232 491 1307 546 rerbi
1329 491 1374 547 Dei
1397 491 1576 550 delectatione
1587 494 1740 552 consoletur

951 579 1039 648 ipsum
1057 579 1186 636 laborem.
1207 580 1323 638 blaxime
1335 591 1425 637 autem
1438 582 1657 656 Quadragesimae
1671 594 1738 641 tern-

951 685 1016 739 pore
1028 671 1204 726 laborandum
1220 681 1260 727 est
1279 688 1401 743 corpore,
1413 674 1465 729 ιιι
1485 676 1511 730 in
1530 678 1585 731 ileo
1599 676 1680 731 animi
1696 677 1738 732 in-

951 760 1081 813 tentione.
1113 760 1213 829 Sicque
1236 778 1333 818 manus
1358 765 1519 832 implicanda
1543 775 1585 823 est
1610 768 1636 821 iu
1659 781 1741 838 opere

951 852 1117 923 quotidiano,
1133 861 1161 907 ut
1175 869 1252 909 mens
1264 870 1318 910 non
1331 864 1469 911 avertatur
1485 873 1500 911 a
1514 858 1577 912 ileo.
1647 909 1650 914 .

986 942 1124 1013 inquibus
1148 943 1239 997 diebus
1264 943 1476 1015 Quadrnqcsimoe
1499 948 1628 1018 occipiunt
1653 967 1742 1005 omnes

951 1032 1067 1103 cinqulos
1083 1033 1183 1088 codices
1198 1034 1230 1088 de
1246 1033 1411 1099 bibliotltcco,
1434 1053 1499 1106 quoa
1511 1052 1558 1106 per
1574 1039 1691 1092 ordinem
1709 1057 1742 1101 cp

951 1125 1051 1194 tueque
1073 1123 1170 1195 legunt.
1197 1124 1249 1190 Qui
1263 1125 1364 1179 codices
1384 1127 1411 1178 iu
1426 1126 1510 1196 cupite
1525 1125 1666 1198 Quodroqe
1682 1130 1742 1186 imm

951 1215 1032 1269 naurdi
1048 1224 1119 1270 sunt.
1143 1216 1181 1271 De
1200 1216 1364 1271 bibliotheca
1376 1215 1451 1281 dicit,
1471 1216 1497 1271 id
1512 1225 1572 1280 est.
1588 1217 1624 1272 de
1647 1218 1741 1274 cellrrla

952 1305 996 1358 ribi
1009 1304 1070 1360 libri
1083 1305 1273 1361 reconduntur.
1300 1304 1367 1360 Nam
1381 1307 1452 1375 quod
1464 1305 1557 1362 Graeee
1570 1306 1742 1374 bibliotheca,

952 1393 1049 1449 Latine
1062 1395 1190 1464 repositio
1205 1394 1336 1450 librorum
1348 1396 1456 1450 dieitur.

112 1491 218 1547 AEstatc
233 1489 333 1554 enimn
347 1498 525 1554 manensque
539 1484 568 1538 iu
583 1484 680 1539 boram
701 1482 809 1538 tertiam
828 1482 902 1536 labo-
986 1483 1053 1538 Ante
1067 1485 1155 1538 omniu
1177 1501 1240 1538 anne
1253 1485 1408 1554 deputentur
1432 1502 1500 1539 nuuc
1518 1494 1565 1538 aut
1581 1487 1634 1541 duo
1657 1489 1744 1543 asum·

113 1598 175 1638 rare
189 1575 305 1651 oportet,
320 1593 335 1630 a
357 1575 437 1632 tertia
450 1588 515 1628 uero
526 1588 612 1644 nsque
629 1572 779 1627 adsertam
794 1571 901 1626 lectioni
952 1592 1003 1640 rec,
1017 1576 1061 1643 qui
1075 1575 1234 1629 circumeunt
1249 1576 1436 1631 monesterium
1456 1575 1529 1629 boris
1542 1577 1634 1646 quibus
1649 1587 1743 1635 uacent

112 1686 229 1735 uacare,
246 1667 345 1723 debinc
361 1665 497 1733 usquead
518 1677 617 1716 nonam
639 1662 818 1731 requiescere.
838 1660 902 1715 Post
952 1664 1047 1733 fratrer
1070 1663 1185 1729 lectioni,
1208 1673 1233 1718 et
1258 1663 1361 1719 uideant
1381 1681 1413 1718 ne
1426 1664 1494 1734 sorte
1516 1666 1664 1722 inueniatur
1686 1666 1742 1736 frc-

20 1805 22 1808 .
113 1776 212 1818 nonam
226 1767 316 1815 antem
333 1755 466 1825 usquead
487 1761 592 1824 tempus
604 1752 786 1822 vespertinum
801 1752 900 1807 iterum
915 1749 938 1807 B
952 1765 991 1810 ter
1003 1756 1150 1822 acediosus,
1167 1757 1212 1826 qui
1226 1764 1301 1810 cocat
1315 1756 1367 1810 otio
1382 1766 1428 1810 out
1440 1756 1538 1827 [ululis
1550 1767 1574 1812 et
1588 1774 1640 1812 non
1653 1769 1691 1814 ert
1703 1760 1745 1814 in·

113 1851 229 1923 ommi.
908 1892 931 1917 ,.
952 1854 1036 1900 lentur
1046 1845 1160 1910 lectioni,
1172 1854 1196 1900 et
1212 1862 1264 1900 non
1277 1845 1362 1901 colunt
1372 1847 1420 1900 cili
1433 1847 1592 1914 instillabat,
1608 1848 1653 1903 red
1665 1850 1746 1907 ett'rm

152 1940 213 1996 Post
234 1944 437 1994 autumnalem
454 1943 587 2005 turpentes
604 1952 620 1987 a
640 1949 732 1988 menso
751 1943 860 2001 pausent
875 1934 902 1988 in
951 1935 1017 1990 ulios
1031 1935 1142 1990 extollit.
1164 1936 1214 1990 llic
1225 1938 1286 1991 talis
1297 1939 1320 1991 si
1333 1936 1413 2007 (qnod
1424 1939 1502 2008 obsit)
1524 1950 1639 2009 repertur
1654 1940 1744 2010 luent,

114 2031 186 2087 lectis
200 2031 254 2083 cuir
269 2043 328 2082 cunt
345 2025 415 2080 onrrtr'
438 2023 561 2088 silcrdr'o,
583 2034 629 2078 aut
644 2024 710 2092 [orte
728 2024 772 2094 qui
795 2023 903 2079 noluerit
952 2025 1199 2096 corripiatursernel
1212 2036 1236 2080 ct
1248 2027 1379 2093 secundm·
1390 2030 1412 2082 si
1423 2045 1475 2082 non
1485 2029 1670 2095 emcndnuerr't,
1687 2045 1747 2084 cor·

114 2123 207 2192 legere,
235 2120 284 2175 ribi
306 2120 343 2172 cic
366 2115 450 2187 legar,
477 2123 504 2168 nt
528 2112 611 2168 ulium
634 2131 685 2168 non
709 2114 841 2184 inquietet.
870 2112 904 2166 Et
954 2117 1061 2184 reptioui
1078 2116 1441 2187 repulerisubp'uceottnliter,
1456 2120 1578 2173 ntcrnteri
1589 2121 1746 2174 meturnlm-

116 2221 230 2281 raperetur
247 2225 316 2263 nono
340 2205 499 2276 temperior,
522 2204 652 2258 mediante
671 2213 762 2258 octono
785 2203 859 2266 born,
879 2211 904 2258 ct
953 2209 1038 2263 lacent.
1054 2208 1307 2265 beediosusdieilur
1318 2211 1569 2276 taediosusanxius,
1582 2225 1657 2265 raum
1668 2225 1744 2264 men-

114 2314 210 2356 rterum
220 2298 289 2372 quod
304 2295 452 2367 [ncicrrdum
469 2304 505 2348 est
519 2302 657 2363 operentur
674 2309 754 2363 usque
767 2293 802 2346 od
816 2309 904 2362 verpe·
955 2300 999 2365 tis,
1016 2299 1057 2354 rel
1069 2301 1159 2355 animo
1171 2300 1252 2367 loris,
1269 2301 1316 2369 qui
1329 2300 1407 2355 taedio
1421 2302 1519 2356 meritis
1531 2308 1693 2365 commotus,
1703 2303 1748 2358 ιιι

117 2408 183 2445 rum.
200 2388 228 2445 Si
244 2399 330 2444 nutem
347 2385 485 2440 necessitas
499 2383 560 2448 10⁶5,
575 2393 620 2437 ιιι
640 2392 780 2454 edilbertus
792 2385 904 2454 ruperit
955 2390 1064 2445 levitate
1071 2391 1155 2446 animi
1165 2391 1388 2454 sublevatus.nec
1398 2407 1428 2447 se
1439 2391 1611 2463 sinitlegere‚
1623 2390 1747 2447 necalios

117 2492 144 2536 qr
166 2481 200 2535 aa
213 2481 300 2551 fruges
314 2476 472 2547 colligendus
482 2490 529 2543 per
544 2491 571 2529 ce
594 2483 761 2546 occupentur,
780 2492 831 2529 non
844 2492 906 2528 con·
955 2480 1061 2536 lectioni
1078 2482 1142 2536 sinit
1156 2497 1262 2537 uacare.
1288 2481 1339 2550 Qui
1352 2491 1380 2539 et
1392 2482 1444 2537 sibi
1458 2483 1580 2552 vagando
1590 2480 1704 2545 inutilis,
1718 2488 1748 2546 et

116 2575 262 2636 tristentur,
287 2570 349 2641 quio
372 2580 433 2623 tunc
460 2582 517 2620 uere
536 2568 657 2624 ruonnclri
680 2579 750 2634 aunt,
770 2570 794 2622 ιι
818 2568 906 2624 labore
955 2570 1016 2627 aliis
1039 2573 1190 2644 legentibus
1212 2575 1348 2629 iuvenitur
1372 2590 1432 2632 esse
1456 2576 1620 2632 contrarius.
1652 2574 1769 2631 Otium

119 2680 243 2718 munuum
256 2679 365 2716 suorum
379 2665 477 2730 uiuunt,
489 2666 555 2719 sicut
568 2671 591 2716 et
602 2669 689 2733 putres
701 2661 783 2716 rrortrr'
803 2670 827 2714 et
841 2678 906 2731 opo·
956 2663 1066 2718 enimet
1081 2661 1186 2719 fabulas
1201 2664 1288 2735 diligit
1302 2682 1309 2731 ;
1328 2674 1356 2720 ιι
1370 2665 1431 2720 ideo
1444 2674 1472 2721 et
1483 2682 1512 2722 se
1523 2674 1551 2722 et
1565 2665 1658 2723 aliosa
1671 2679 1748 2722 saera

118 2756 187 2810 stoli.
212 2755 347 2826 Sen'ptm
361 2765 402 2812 est
416 2758 509 2811 cuim:
527 2755 639 2809 Lnlrmm
653 2770 780 2808 rnnnuum
800 2762 906 2806 tuorum
957 2754 1070 2811 lectione
1086 2755 1208 2820 distollit,
1227 2756 1318 2821 idest,
1334 2764 1468 2827 segregat,
1481 2756 1522 2812 rel
1537 2757 1680 2812 disturbat.
1695 2755 1748 2824 Qui

116 2847 180 2914 quia
194 2847 386 2912 munducabis,
411 2846 501 2901 beetur
514 2863 552 2911 er,
568 2856 591 2900 ct
613 2849 675 2899 bene
690 2845 736 2899 tili
749 2846 797 2898 erit
819 2841 904 2914 (Prot.
959 2846 1048 2901 taliter
1069 2847 1256 2916 corripiendus
1280 2856 1341 2914 ost,
1371 2856 1402 2902 ut
1427 2849 1518 2904 caeteri
1543 2847 1602 2916 eius
1626 2848 1749 2904 ridentes

118 2936 907 3011 oratur),Ergomonacbum,utbealusFer-riolusait,abs·
958 2936 1119 2991 acerrimam
1145 2937 1357 3006 correptionem,
1389 2937 1469 2992 talem
1496 2949 1526 2992 ut
1556 2937 1670 2993 ulterius
1695 2953 1749 2993 non

117 3047 170 3100 que
182 3030 264 3086 certis
282 3030 497 3086 solemnitatibus
517 3030 560 3084 vel
576 3028 718 3094 manilesta
736 3027 906 3096 egritudine,
959 3027 1076 3082 audeant
1099 3028 1267 3082 committere
1289 3028 1534 3094 disturbationem,
1557 3044 1590 3083 uo
1611 3027 1645 3081 nd
1667 3027 1749 3082 talem

117 3123 190 3178 diem
203 3124 262 3178 sine
273 3123 428 3192 operatione
440 3130 635 3184 transeuntem,
652 3136 667 3176 a
680 3121 805 3177 convivio
814 3119 907 3175 decer·
921 3089 943 3150 C
960 3119 1056 3173 audeat
1070 3117 1154 3172 irater
1169 3116 1261 3172 fratris
1282 3119 1357 3172 boris
1376 3119 1621 3188 incompetentibus
1636 3117 1749 3190 jungere

118 3215 208 3269 nimus
218 3213 422 3280 erdruleudum,
441 3212 553 3280 jubente
567 3211 714 3281 bpostolo:
733 3209 785 3275 Qui
801 3226 853 3264 ιιι
867 3209 907 3265 ln·
958 3208 1213 3265 contabulationem.
1231 3209 1307 3264 Unde
1317 3218 1343 3264 et
1356 3209 1535 3266 subanditur:

117 3304 221 3369 boroni,
235 3318 286 3360 nnn
303 3304 459 3359 manducent
472 3303 516 3374 (ll
530 3303 619 3358 Ticer.
633 3302 685 3375 ιιι).
995 3302 1181 3374 atquepater
1200 3302 1235 3357 nrt
1250 3303 1358 3371 fratrem
1373 3303 1504 3375 jrrrrpotur
1525 3305 1598 3359 lteris
1615 3305 1750 3375 irrcumpc-

154 3390 256 3447 Omnia·
272 3403 359 3448 tamen
383 3404 531 3448 mensurate
555 3395 620 3463 fiunt
645 3404 750 3465 propter
770 3394 909 3464 puaillem'-
959 3393 1081 3446 tentr'bur.
1104 3391 1157 3446 libe
1177 3392 1249 3447 enim
1263 3393 1337 3445 borae
1350 3401 1413 3446 suut
1427 3392 1642 3463 incompetentes
1652 3392 1750 3450 sabulis

118 3499 182 3537 erres.
198 3482 389 3537 Pusillauimus
402 3483 500 3538 dieitur
518 3484 645 3553 pusillum
660 3484 780 3538 animum
795 3484 906 3548 babens,
959 3482 1051 3546 ranis,
1073 3497 1133 3551 qum
1156 3488 1220 3535 sunl
1246 3489 1430 3550 competentes
1463 3480 1622 3537 lectionibus
1652 3486 1748 3538 sacris.

111 3573 260 3641 parvulum
276 3573 318 3627 rel
332 3573 482 3639 modicum,
492 3580 543 3629 ast
551 3581 626 3629 certe
637 3573 818 3642 desperatum.
842 3573 909 3628 ilinc
960 3574 1035 3640 Quod
1049 3582 1138 3627 aumrn
1152 3572 1227 3634 dicit,
1244 3589 1324 3643 nequa
1347 3571 1430 3641 freter
1443 3574 1477 3626 ud
1492 3572 1601 3642 tratrem
1619 3574 1751 3645 jurrgotur

119 3663 216 3718 lutus
229 3663 388 3719 Pacbomim
401 3664 457 3722 ait:
484 3662 522 3718 lle
535 3664 595 3733 plus
608 3665 698 3734 operis
712 3663 811 3719 iratres
831 3680 907 3719 eorrr-
959 3664 1030 3716 boris
1044 3663 1284 3734 inconspetcnlibur,
1299 3679 1351 3717 non
1363 3661 1513 3733 proficuam
1525 3662 1567 3718 rel
1580 3673 1703 3720 sarremm
1714 3667 1752 3721 ιιι-

119 3754 254 3822 pellantur
267 3753 369 3821 meere,
392 3755 439 3810 sed
455 3755 610 3811 moderatus
630 3755 706 3810 labor
718 3771 812 3811 omnes
825 3756 859 3810 ad
872 3756 910 3810 la·
960 3763 1002 3811 ter
1016 3762 1124 3810 sanctos
1148 3755 1274 3823 probibet
1289 3755 1508 3826 continuationem
1521 3796 1529 3821 ,
1554 3757 1601 3813 sed
1617 3757 1749 3821 nocivam,

117 3843 268 3898 borandmn
282 3852 419 3913 prorooet.
435 3843 532 3914 Sitque
543 3844 613 3899 iuter
631 3858 679 3901 eos
691 3854 835 3916 paratque
845 3862 910 3902 cou-
960 3847 1117 3916 nocivisque
1150 3844 1249 3901 tubulis
1284 3846 1392 3915 plcrmm
1429 3844 1645 3914 corrjnnetioueru
1678 3849 1750 3904 iuter

119 3933 224 3995 nomia,
244 3942 272 3988 et
288 3934 403 3990 libenter
415 3933 564 4004 nemoribus
584 3935 771 4007 subjiciantur,
785 3938 910 3994 sedentos
960 3940 1062 3996 otiosos
1078 3931 1271 4008 acediososque
1288 3945 1370 3994 vetat.

120 4023 328 4079 etambulantes
346 4039 378 4080 ac
392 4034 497 4081 stantes
510 4027 646 4084 inordina
667 4043 733 4094 suo,
756 4036 783 4082 et
795 4029 909 4086 inrieeru
994 4025 1132 4082 Doricinico
1155 4026 1197 4079 die
1214 4024 1319 4080 lectioni
1342 4034 1431 4081 urrccut
1455 4043 1555 4091 orrrner,
1578 4029 1691 4099 exceptis
1709 4031 1750 4086 laic

121 4112 155 4168 dc
168 4113 321 4170 bismilitate
331 4125 477 4173 certantes.
960 4116 1005 4188 qui
1022 4117 1099 4170 cunia
1116 4116 1204 4187 officiis
1218 4115 1336 4186 deputati
1348 4124 1419 4170 runt.
1441 4115 1510 4172 lliue
1526 4115 1623 4173 Patres
1646 4120 1750 4190 antiqui

157 4202 179 4255 t
190 4202 318 4260 Kalendis
330 4215 418 4261 numm
429 4205 557 4273 Octobris,
570 4226 650 4279 usque
659 4208 694 4262 nti
703 4191 781 4280 caput
795 4211 912 4281 quodm-
962 4205 1088 4261 dixerunt
1100 4224 1107 4259 :
1125 4207 1173 4260 ilie
1185 4214 1276 4260 autent
1296 4205 1434 4262 Dominica
1447 4208 1483 4261 nil
1498 4208 1571 4265 aliud
1583 4217 1682 4278 agant,
1699 4210 1751 4264 nisi

121 4293 236 4361 perinte,
252 4310 332 4365 utque
352 4297 387 4350 nd
402 4298 494 4351 borum
509 4298 785 4370 sccundmnplcnnm,
807 4299 911 4356 lectioni
962 4294 1017 4349 Deo
1037 4302 1143 4358 racettt,
1169 4309 1204 4348 ne
1216 4309 1264 4363 pro
1282 4294 1372 4364 aliqua
1386 4296 1570 4353 occasiouese
1590 4298 1683 4365 relr'ut,
1706 4309 1753 4354 aut

122 4392 232 4445 unccnt,·
254 4384 320 4437 lrorcr
334 4386 449 4440 emunda
465 4396 560 4455 npetur
576 4388 664 4451 tertio,
687 4396 711 4442 et
725 4405 806 4459 traque
819 4388 853 4442 od
864 4406 912 4442 no·
924 4431 950 4490 D
963 4384 1028 4440 alios
1045 4399 1184 4440 excusare.
1207 4384 1307 4439 Tamen
1321 4395 1469 4452 contestor,
1481 4387 1590 4455 iratres,
1604 4391 1677 4446 nulla
1689 4407 1753 4461 otte·

123 4488 184 4524 onor
206 4488 293 4530 ornnes
307 4475 335 4528 ιιι
352 4492 416 4544 opus
430 4492 505 4530 suum
520 4475 637 4531 laborent
659 4478 729 4548 qnod
745 4480 782 4533 eia
797 4480 913 4549 injunqi-

123 4570 177 4613 tur.
203 4560 287 4617 Facto
310 4574 398 4618 nutem
421 4567 504 4634 primo
528 4566 602 4632 siqnu
625 4566 697 4620 dorm
717 4584 792 4622 none
808 4568 912 4637 disjun-

122 4651 286 4718 pantaeni
310 4669 386 4722 opere
404 4670 452 4707 suo
475 4654 587 4724 sirrqulr',
612 4664 635 4709 ct
659 4657 710 4709 aiut
737 4659 824 4725 puroti
849 4658 913 4712 dura

122 4739 268 4793 secuudum
287 4743 390 4811 signum
402 4742 553 4812 pulsauerit.
569 4743 634 4798 Post
650 4745 815 4814 refectionem
826 4758 912 4801 nutem

125 4839 214 4882 uacent
235 4830 389 4888 lectionibus
411 4835 482 4898 ruia,
500 4843 547 4889 cut
564 4835 680 4907 psalmis.
699 4835 793 4907 Operis
807 4837 854 4894 bei
870 4854 912 4893 re·

125 4917 246 4973 cordatio
257 4928 391 4988 teneatur,
406 4923 431 4978 id
446 4934 498 4991 est,
522 4933 551 4979 ul
567 4925 629 4979 dum
652 4928 771 4982 exterius
786 4943 834 4998 per
847 4938 913 4984 torn·

124 5005 244 5073 pornlcm
254 5012 484 5080 opportunitatem
496 5028 590 5068 manus
599 5014 726 5084 operibus
735 5027 911 5087 occupantur,

124 5093 240 5150 interius
263 5112 340 5152 mens
362 5113 422 5153 cunr
438 5098 534 5169 linguae
556 5101 729 5156 meditatione
742 5103 912 5178 paulinorum

125 5191 152 5236 et
166 5182 370 5254 Scripturarnrn
380 5186 568 5243 recordatione
581 5188 726 5244 dulcescat.
742 5191 809 5245 Narn
821 5191 842 5245 si
858 5193 913 5245 rio-

124 5273 195 5329 lator
219 5274 299 5344 buius
327 5276 426 5349 regulae
449 5276 611 5333 fabulatione
625 5271 788 5345 delectetur,
813 5281 913 5337 silentii

124 5381 204 5434 prena
224 5367 380 5438 castigettn.
447 5354 452 5359 ¹

162 5454 195 5508 ln
218 5457 433 5529 Quadrupeslmoe
454 5477 512 5514 uero
534 5460 624 5514 diebrra
648 5477 763 5548 oqntaue
781 5465 913 5534 usquead

125 5549 229 5601 tertium
241 5548 345 5619 plrrmm
359 5561 448 5606 uacent
461 5550 611 5608 lectionibus
623 5556 688 5618 ruis,
699 5565 723 5609 et
734 5572 814 5627 usque
824 5557 859 5611 nd
869 5558 914 5614 dc·

124 5635 219 5690 clarum
235 5637 324 5694 ltorntu
340 5640 444 5712 plenum
462 5652 599 5713 operemur
620 5645 690 5718 quod
704 5646 740 5700 ιιι
756 5646 911 5719 r'ujurrqitur.

966 4476 1035 4530 ratio
1062 4476 1090 4528 in
1113 4476 1157 4529 die
1179 4475 1223 4528 illa
1250 4486 1344 4532 sarrcta
1367 4480 1558 4549 comperiatur,
1580 4481 1631 4538 nisi
1647 4491 1750 4541 tarrturn
1774 4500 1789 4528 κ

964 4565 1083 4637 hymnis.
1099 4573 1127 4620 ot
1143 4565 1263 4633 psalmis,
1277 4574 1305 4621 ct
1318 4568 1433 4624 canticis
1449 4569 1615 4639 spiritalibus
1631 4571 1690 4628 dies
1707 4571 1751 4626 illa

965 4663 1127 4710 trarrseatur.

1001 4743 1097 4813 Siquis
1110 4760 1168 4798 uero
1181 4745 1218 4797 ita
1232 4746 1361 4817 neplipeua
1374 4747 1648 4820 ctderidr'ontrfuerit,
1662 4759 1690 4805 ul
1699 4768 1752 4807 reon

964 4832 1033 4898 uelit,
1054 4843 1098 4886 ιιι
1114 4849 1165 4906 ann
1183 4835 1265 4904 poscit
1279 4837 1412 4905 meduaci,
1427 4848 1473 4893 unt
1488 4837 1581 4912 lepcre,
1597 4842 1753 4914 injunpctur

963 4924 986 4977 ιι
999 4940 1062 4992 opus
1073 4923 1142 4993 qnod
1153 4923 1234 4994 prem
1245 4937 1272 4987 ut
1285 4943 1335 4981 non
1346 4939 1427 4983 uocet.
1439 4928 1594 4988 desidiosus
1603 4931 1710 4998 dicitur,
1724 4932 1751 4988 id

962 5024 1015 5080 est,
1029 5015 1142 5077 desidia.
1159 5017 1200 5072 rel
1219 5018 1379 5089 negligentia
1393 5020 1497 5090 quenus.
1511 5023 1666 5081 Desidiosus
1678 5025 1751 5079 enirn

964 5123 977 5160 a
994 5107 1158 5168 desidendo,
1178 5108 1202 5161 ιιι
1216 5116 1275 5173 ost,
1289 5110 1367 5166 raldo
1387 5113 1514 5179 sedendo,
1539 5116 1678 5186 ollnnrque
1689 5114 1751 5171 dili·

963 5199 1050 5270 gendo
1065 5207 1187 5253 roearlur.
1205 5200 1241 5254 [le
1255 5200 1300 5254 tali
1311 5203 1383 5257 euiur
1397 5203 1522 5261 Salnruou
1539 5208 1594 5262 ait:
1610 5206 1750 5263 Abscerrdlt

962 5287 1035 5359 piper
1058 5305 1165 5343 crannum
1188 5291 1369 5361 arbusculis,
1390 5313 1436 5350 nec
1455 5299 1490 5352 cd
1514 5316 1543 5353 oc
1565 5312 1645 5352 ruam
1665 5294 1750 5366 appli-

966 5390 1005 5435 cet
1028 5396 1095 5434 curu.
1125 5379 1163 5438 Ile
1187 5383 1290 5439 rlualrus
1312 5387 1385 5440 eninr
1409 5389 1453 5442 bic
1476 5388 1593 5458 loquitur
1614 5387 1748 5457 persentis.

964 5467 1095 5540 Unaque
1115 5486 1176 5527 eum
1195 5474 1281 5544 possit
1292 5473 1382 5545 legere
1397 5485 1443 5530 ant
1467 5476 1600 5541 meditari,
1617 5491 1666 5547 per
1679 5477 1750 5533 desi·

964 5558 1035 5614 diam
1049 5560 1137 5615 cordis
1150 5572 1276 5618 neutrum
1290 5565 1346 5619 vult
1359 5579 1448 5635 agere,
1469 5567 1516 5619 sod
1537 5566 1623 5638 magis
1634 5567 1691 5622 otio
1707 5568 1750 5625 rel

965 5652 1039 5706 ranis
1062 5651 1119 5709 cult
1141 5652 1237 5725 labnlis
1262 5671 1368 5712 vacare.
1391 5655 1450 5710 Alia
1471 5655 1543 5711 enim
1565 5673 1680 5730 persona
1696 5666 1749 5719 est.
