3810 6120
137 264 188 321 lb‘l
776 264 951 322 Sltlltllcbt
971 268 1119 325 subulis
1711 270 1764 321 ibit

130 388 171 443 de
187 382 211 438 tl
234 379 347 447 decret,
370 381 477 453 qualem
489 381 606 437 fructum
620 381 646 434 in
660 381 764 436 actione
785 382 825 435 rei
848 381 920 436 illius
935 381 984 441 ,lt
1007 382 1093 438 lirant
1121 390 1212 439 autem
1229 384 1275 453 qui
1299 383 1532 437 manducaverant
1545 381 1625 451 quusi
1647 389 1766 450 ‹prratuur

131 471 278 537 bubutstis,
299 471 327 526 iu
341 471 419 542 eujus
441 471 524 526 ctiam
551 471 740 526 recordatione
760 471 922 527 verecundia
976 490 985 523 t
1008 473 1139 540 millia,et
1149 474 1251 529 dimisit
1272 489 1355 529 eos.»

149 565 193 618 st?
210 563 238 620 in
260 560 384 617 Dclvero
399 562 471 616 cultu
493 560 711 630 hocipsurnjam
737 559 842 618 fructus
868 569 920 626 est,
1006 562 1073 618 Cum
1098 563 1274 619 mittereris
1296 572 1364 619 esset
1390 580 1449 618 cunt
1462 562 1540 628 lesu,
1565 579 1613 616 uec
1639 559 1767 616 talentu

134 649 205 716 epirtnl
221 651 311 705 vivitis
325 650 485 706 sauctilieati
503 665 553 721 per
565 652 742 720 baptismum.
970 654 1041 723 quod
1066 655 1270 721 ntandnccrcnt,
1285 656 1443 719 convocatis,
1471 665 1524 708 etc.
1537 653 1589 725 (Ex
1614 652 1711 724 Beda.)
1735 652 1766 709 lu

170 742 223 813 (Er
233 741 321 814 Orio.)
338 744 465 799 linctum
476 751 503 798 ct
517 745 649 798 bonomm
673 742 847 797 etmalorum
861 756 922 799 esse
971 741 1022 797 bac
1046 742 1162 798 lectione
1184 743 1383 799 consideranda
1416 751 1459 798 est
1483 743 1512 797 in
1534 759 1591 799 uno
1611 742 1768 814 eodemque

134 833 213 887 docet
225 832 360 903 scriptura
373 833 515 897 divinant
527 835 584 904 ipse
597 831 721 888 Salvator
731 833 758 886 in
769 830 921 911 Euangeliis
971 833 1141 904 redemptore
1159 843 1255 892 nostro
1279 834 1408 890 distincta
1436 833 1559 904 operatio
1583 834 1767 892 humanitatis

134 922 216 977 dcii:
231 922 285 977 llut
297 922 378 978 facite
397 923 523 979 arborem
549 924 659 988 bonam,
683 933 711 978 et
723 921 840 979 fructum
862 919 921 989 ejus
971 924 1074 979 scilicet
1088 932 1170 996 atque
1183 925 1341 981 divinitatis.
1354 924 1423 992 Quis
1436 924 1508 979 enim
1527 940 1581 979 non
1596 925 1689 980 videat
1711 926 1766 983 buc

134 1016 246 1082 bonurn,
270 1026 317 1070 aut
335 1014 415 1069 iacite
438 1016 563 1070 arborem
576 1014 686 1080 malam,
702 1021 730 1070 ct
742 1013 846 1069 fructus
862 1010 921 1081 ejus
970 1017 1042 1085 quod
1053 1031 1134 1085 super
1145 1018 1224 1074 turba
1239 1019 1387 1073 miseretur
1402 1017 1544 1082 Dominus,
1559 1034 1593 1073 ne
1608 1017 1652 1074 vel
1662 1018 1764 1083 inedia,

134 1106 230 1160 malos.
247 1103 346 1176 Siquis
358 1107 440 1174 igitur
450 1113 592 1162 convertat
606 1107 725 1160 aniunnn
748 1112 777 1159 ct
798 1102 921 1174 proposi·
970 1106 1013 1160 vel
1028 1107 1077 1161 riae
1089 1107 1220 1178 longioris
1234 1108 1344 1163 deliciet
1357 1108 1460 1173 labore,
1487 1106 1616 1164 affectum
1635 1124 1709 1176 esso,
1735 1116 1766 1165 ct

135 1205 191 1251 tum
211 1196 403 1266 adjustitiam,
421 1198 559 1254 erubescit
581 1198 641 1253 sinc
663 1196 755 1264 dubio,
773 1195 873 1265 etipse
890 1209 921 1251 se
970 1197 1185 1264 compassionem
1213 1199 1337 1253 humanae
1363 1196 1531 1269 fragilitatis.
1548 1199 1626 1267 Quod
1648 1213 1717 1256 reru
1729 1200 1766 1257 ab

134 1296 209 1344 notat
237 1288 270 1344 de
297 1289 434 1360 prioribus
448 1290 532 1361 pestis
554 1304 614 1361 quac
645 1288 709 1359 egit,
740 1287 846 1356 positos
869 1285 920 1341 sub
971 1294 1073 1356 septem
1097 1288 1213 1356 panibus
1231 1297 1258 1345 et
1273 1290 1411 1359 pisciculis
1425 1291 1530 1361 paucis,
1545 1301 1665 1362 quatuor
1677 1291 1764 1349 millia

134 1389 256 1448 peccato,
274 1381 337 1448 quia
351 1379 413 1434 duis
441 1380 547 1434 illorum
570 1394 643 1434 mors
663 1387 714 1433 est.
736 1377 791 1432 Sed
811 1376 921 1447 requiro
971 1376 1111 1431 hominurn
1126 1376 1268 1443 saturavit,
1280 1377 1378 1432 diuinae
1397 1393 1465 1449 opus
1478 1394 1540 1434 esse
1566 1381 1687 1437 virtutis.
1703 1380 1764 1453 Hy·

133 1486 193 1541 qum
203 1471 411 1526 morslcertum
425 1477 532 1524 estnon
545 1468 765 1525 istaoouimunis.
778 1465 920 1521 Nouenim
970 1469 1038 1524 stice
1062 1477 1153 1524 autem
1173 1471 1227 1525 boc
1254 1470 1387 1526 miraculo
1403 1472 1569 1542 designatam,
1593 1474 1667 1543 quod
1688 1474 1766 1533 tiam

133 1561 194 1630 quis
208 1567 397 1632 postmortem
415 1561 583 1615 convertitur
602 1559 635 1614 ad
647 1558 791 1628 iustitiam,
804 1558 847 1613 uel
870 1571 921 1626 pto
971 1558 1061 1613 seculi
1074 1561 1216 1629 praesentis
1226 1560 1306 1615 aliter
1319 1560 1467 1617 incolumes
1481 1563 1598 1618 transire
1606 1565 1764 1634 nequimus,

134 1650 213 1705 iuabs
235 1651 319 1722 gestis
339 1649 485 1721 praeteritis
509 1648 654 1704 erubescit.
679 1647 749 1714 Quid
769 1661 834 1717 erqo
860 1645 921 1700 est?
971 1650 1024 1705 nisi
1037 1666 1087 1705 nos
1096 1651 1182 1721 gratia
1194 1651 1374 1720 redemptoris
1385 1651 1471 1706 nostri
1480 1650 1608 1707 alimento
1619 1652 1661 1708 sui
1681 1654 1766 1711 Verbi

133 1740 321 1810 Nunquidnam
346 1740 450 1810 peccati
470 1748 585 1794 mortem
601 1738 693 1794 dicere
713 1737 830 1803 videtur,
852 1751 920 1806 quo·
933 1726 957 1785 B
971 1739 1084 1796 reliciat.
1098 1738 1155 1795 lloc
1169 1754 1235 1795 vero
1247 1741 1336 1811 typice
1354 1741 1426 1795 inter
1450 1740 1521 1796 bone
1542 1740 1719 1797 reiectionem
1737 1750 1767 1799 ct

132 1830 205 1884 iiiam
229 1830 320 1884 antium
344 1844 405 1900 quar
426 1837 521 1899 peccat
540 1829 596 1900 ipsa
621 1827 768 1884 morietur?
791 1825 833 1880 lln
852 1824 919 1881 illud
970 1829 1044 1885 illam
1065 1830 1185 1900 quinque
1206 1844 1306 1899 panum
1333 1831 1503 1887 aeduorum
1528 1833 1645 1902 piscium
1668 1833 1766 1903 distat,

132 1921 218 1991 iringis
236 1928 326 1990 potest
346 1919 471 1991 intelligi,
493 1919 564 1988 quod
586 1919 667 1974 istam
695 1925 811 1972 mortem
835 1916 917 1981 dicat,
970 1920 1042 1990 quod
1060 1920 1096 1974 ibi
1114 1919 1205 1974 littera
1219 1920 1325 1975 lleteris
1346 1918 1512 1976 Testamenti
1526 1922 1660 1992 spirituali
1675 1923 1767 1992 qratia

130 2026 257 2082 quacum
273 2009 506 2081 Christopcccato
520 2009 663 2074 morimur,
677 2009 789 2063 etritiis
805 2020 838 2061 ae
858 2016 918 2062 sce-
969 2010 1047 2081 plena
1062 2024 1123 2065 esse
1143 2010 1250 2080 signata
1274 2019 1326 2075 est,
1345 2011 1491 2068 bicautem
1515 2011 1583 2068 iloni
1600 2014 1707 2072 veritas
1731 2030 1767 2073 ac

131 2099 232 2154 leribus
244 2098 325 2153 linem
341 2099 450 2166 damus,
464 2107 495 2153 ut
511 2108 574 2170 post
594 2100 653 2155 baee
664 2098 766 2154 dixisse
783 2098 917 2164 videatur,
969 2103 1056 2173 qratia
1067 2101 1244 2167 Testamenti,
1261 2101 1386 2158 ildelibns
1403 2103 1582 2160 ministranda
1609 2115 1766 2163 monstrata

131 2192 194 2265 quia
211 2193 273 2249 bnis
285 2193 393 2249 illorum
407 2208 481 2248 mors
493 2194 552 2247 est?
968 2201 1020 2248 est.
1035 2192 1106 2248 Sane
1124 2203 1240 2262 intraque
1255 2191 1368 2248 relectio
1386 2193 1414 2248 in
1426 2202 1518 2250 monte
1540 2193 1679 2249 celebrata
1706 2205 1762 2263 cst,

167 2279 247 2337 Nunc
270 2299 330 2338 uero
352 2282 456 2337 liberati
481 2292 632 2353 operculo,
657 2284 723 2337 terti
745 2290 833 2335 nutem
854 2279 919 2349 {neti
968 2289 998 2337 ut
1011 2282 1125 2337 aliorum
1142 2283 1376 2354 Et‘anqelistarum
1389 2285 1510 2338 narratio
1536 2284 1671 2352 declarat,
1697 2288 1762 2358 quit

133 2373 197 2439 Deo,
225 2373 325 2429 linietis
352 2373 468 2444 fructum
490 2375 650 2429 vestroruin
670 2373 917 2442 sanctificationem,
962 2371 1111 2443 Utriusque
1140 2374 1276 2443 scriptura
1301 2372 1468 2429 Testamenti
1494 2386 1569 2431 recte
1595 2376 1763 2447 intellecta,

131 2468 209 2535 finem
220 2484 280 2521 uero
295 2469 374 2522 vitum
390 2477 526 2522 ueternum.
547 2467 663 2522 Fructus
687 2465 821 2520 imctibus
844 2479 919 2520 eom·
968 2464 1138 2521 altitudinem
1164 2467 1243 2522 nobis
1265 2466 1416 2522 coelestiuru
1429 2474 1457 2521 et
1471 2475 1672 2538 preceptorum
1684 2484 1763 2527 mau-

131 2566 266 2628 parat,et
284 2560 389 2630 peceati
405 2560 513 2628 quidem
526 2558 704 2629 iructus,pro
718 2559 816 2629 quibus
833 2572 916 2625 nunc,
969 2555 1026 2621 dat,
1049 2561 1077 2609 et
1100 2556 1285 2626 praemiorum,
1329 2563 1426 2626 traque
1449 2556 1619 2612 altitudinem
1645 2556 1763 2627 ebriati,

132 2654 249 2718 boccst,
276 2659 453 2721 posteaquam
464 2649 731 2719 liberatiapceeato
744 2656 773 2704 et
785 2649 855 2704 serni
875 2647 917 2705 la·
968 2647 1015 2717 qui
1045 2654 1086 2702 est
1112 2662 1190 2703 mous
1205 2647 1307 2703 bornus
1327 2647 1429 2703 domiui
1451 2648 1480 2702 in
1501 2648 1605 2704 vertice
1627 2650 1764 2707 rnontium

131 2742 168 2795 cti
179 2740 426 2808 beo,cmbuscuut,
438 2740 597 2810 pronuntiat
607 2747 694 2794 rnorte
706 2738 788 2793 liniri.
800 2737 918 2795 Frttctus
968 2751 1086 2794 consona
1108 2752 1174 2793 voce
1198 2737 1337 2807 predicat.
1350 2738 1400 2806 Qui
1411 2739 1484 2793 enirn
1496 2737 1659 2794 aedificatam
1680 2754 1764 2811 snper

132 2850 194 2889 sero
208 2831 330 2902 justitiae,
346 2833 393 2902 qui
418 2840 482 2887 sunt
496 2833 524 2887 in
536 2830 741 2901 justificatione,
757 2830 839 2888 finem
852 2830 919 2887 dicit
967 2842 998 2883 se
1010 2829 1158 2894 civitatem,
1172 2828 1352 2884 sitellomum
1368 2828 1480 2893 domini,
1495 2828 1522 2883 id
1537 2836 1588 2893 est,
1610 2828 1762 2885 Ecclesiam

130 2926 255 2996 accipere
266 2924 350 2979 vitam
361 2930 501 2979 aeternam.
968 2917 996 2973 in
1018 2918 1102 2973 altum
1115 2919 1249 2974 bonorum
1272 2918 1377 2975 extollit
1388 2932 1512 2987 operum,
1538 2925 1567 2973 et
1581 2918 1762 2975 cunctisma·

165 3014 301 3087 Stipendia
316 3015 386 3070 enim
398 3016 498 3085 peceati
512 3030 593 3070 ntorr.
608 3014 739 3071 Romanis
751 3015 825 3071 euim
846 3014 918 3070 mili·
968 3008 1094 3064 niicstatn
1109 3011 1235 3080 gentibus
1247 3010 1368 3074 exhibet,
1383 3010 1440 3078 ipse
1462 3008 1532 3063 banc
1548 3009 1584 3063 ab
1596 3007 1701 3063 iudanis
1714 3008 1764 3065 de·

134 3108 202 3163 ‚ibus
211 3122 261 3177 pro
274 3106 367 3161 labore
377 3104 480 3160 militiae
493 3103 626 3174 stipendia
636 3104 858 3176 appendebantur
870 3072 953 3175 pec
968 3098 1159 3155 lectationibus
1176 3101 1342 3155 abstractam
1355 3113 1425 3168 pane
1437 3096 1499 3152 coeli
1515 3096 1614 3164 reiicit,
1633 3096 1763 3168 atqusst

130 3198 225 3254 cuuiae.
239 3198 311 3270 Ergo
327 3196 491 3268 stipendium
500 3195 601 3252 laboris
615 3205 658 3251 est
672 3195 786 3264 fruetus,
802 3197 836 3252 ab
848 3196 919 3267 stipe
967 3189 1116 3258 appetitum
1139 3204 1264 3260 superum
1285 3187 1428 3244 suauitatis
1440 3187 1503 3244 dato
1514 3188 1629 3259 pignore
1642 3186 1764 3259 cibispi·

129 3290 269 3360 pendenda
280 3290 445 3344 nominatur.
461 3288 572 3358 Antiqui
586 3288 659 3343 enim
671 3287 824 3357 appendere
836 3300 918 3358 pecu-
967 3278 1073 3333 riualis
1087 3278 1222 3334 accendit

129 3383 207 3440 innui
220 3382 343 3438 solebant
362 3380 448 3451 magis
474 3395 555 3452 quarn
574 3378 765 3436 adnumerare.
785 3378 857 3450 Ergo
870 3378 918 3449 qut
1006 3368 1218 3440 ursereonnper
1232 3369 1345 3435 turoam,
1360 3369 1422 3440 qun
1435 3367 1667 3439 ecceiantridw
1681 3368 1764 3425 mli

129 3481 240 3549 peccato
264 3474 374 3540 uiilbat,
400 3472 572 3543 stipendium,
590 3471 684 3538 idest,
716 3469 918 3526 remuneratio·
966 3470 1027 3515 bebi
1040 3476 1092 3526 me,
1112 3476 1159 3515 ’¹⁶0
1177 3459 1272 3527 limbi
1284 3459 1354 3532 (ΝΜ
1372 3460 1542 3514 ”illimem-
1565 3458 1763 3535 (Effiffidl’i-e)

129 3580 191 3620 nern
206 3564 309 3620 laboris
321 3564 496 3619 malitimsuae
507 3563 621 3633 accipiet
636 3569 763 3617 mortem.
966 3549 1056 3605 Turba
1078 3566 1144 3621 ⁰¹8⁰
1172 3551 1262 3607 ”5⁶⁰⁰
1277 3550 1420 3605 ⁰⁰mi¹¹¹¹¹¹¹
1447 3560 1561 3622 propter
1588 3551 1763 3609 Sillim!

163 3653 353 3710 amquam
363 3653 582 3710 peropaoegema
600 3655 628 3709 ,¹51
642 3652 747 3709 campo
772 3652 837 3708 1232,
864 3652 918 3707 po.
966 3640 1136 3695 iulirmoruut
1147 3656 1258 3695 suorum
1272 3640 1468 3705 sustinet,cunt
1487 3642 1567 3697 electi
1582 3643 1685 3713 quique
1695 3642 1763 3701 dde-

129 3745 199 3799 nm
218 3754 316 3800 nostro.
338 3744 398 3802 non
422 3744 492 3800 osxn
505 3743 914 3817 similiterstipendiajostitiae,
966 3739 1128 3802 posonem
1140 3732 1270 3786 irruens
1282 3731 1556 3802 tucru1,b0minnpn
1567 3732 1626 3789 suis
1636 3746 1763 3795 suom

128 3836 254 3906 quianon
267 3844 325 3892 erat
344 3845 489 3907 antequam
503 3844 691 3892 remuneraret
705 3838 732 3892 in
746 3836 835 3892 nobis.
857 3835 916 3893 Non
965 3837 1018 3893 ‘1¹¹⁰
1032 3821 1163 3892 Willis
1187 3821 1286 3876 ³⁰5³]ae
1305 3821 1432 3877 videlic&
1460 3821 1651 3892 ¹³¹¹d⁰⁰flbllis
1666 3836 1763 3893 ΡΜ·

127 3929 202 3986 enim
222 3938 314 3985 uostro
340 3928 433 3983 labore
457 3928 570 3996 quaesita
584 3934 637 3992 cst,
667 3926 715 3982 scd
737 3926 784 3982 liei
803 3940 916 3983 muliere
965 3916 1072 3970 l'fflssfl
1086 3914 1557 3985 mssissliiffllllllllfflssbliiffllilim
1571 3914 1762 3975 “milim-

127 4022 287 4077 conponam,
965 4021 1029 4061 uum
1045 4005 1170 4070 sustinet,
1190 4006 1297 4074 quaudo
1321 4004 1466 4061 multitudo
1491 4004 1611 4065 bdelium
1635 4012 1761 4076 petrem.

965 4111 1025 4165 quae
1040 4096 1217 4168 perpetrarit,
1230 4110 1279 4165 per
1294 4095 1481 4165 poeniteutiam
1496 4094 1648 4160 declinans,
1662 4092 1698 4149 ad
1708 4092 1763 4153 lic·

964 4187 1068 4243 utinum
1078 4203 1108 4243 se
1122 4187 1251 4257 inopere,
1266 4185 1294 4240 iu
1308 4184 1454 4252 locutione,
1466 4184 1583 4254 atquein
1593 4184 1761 4256 cogitatione

165 4306 174 4339 a
197 4288 265 4343 Cum
280 4288 359 4344 turba
381 4286 464 4342 multa
486 4295 560 4343 esset
573 4301 637 4342 cum
657 4283 732 4352 lesu,
759 4297 809 4339 nec
832 4284 915 4339 liobe·
965 4278 1108 4333 convertit.

129 4400 137 4427 ι
161 4386 223 4433 runt
236 4379 308 4447 quod
320 4377 527 4444 manducarent,
540 4376 695 4432 manaucatis
709 4374 859 4446 discipulis,
877 4374 915 4429 ait
1000 4364 1035 4420 El
1047 4368 1071 4421 δί
1084 4367 1209 4421 dimisero
1224 4383 1267 4421 σοῦ
1280 4366 1389 4436 J't'jbuvt
1401 4367 1429 4420 1'11
1446 4366 1553 4420 domum
1575 4379 1664 4429 wilm,
1689 4362 1760 4433 Μ·

130 4490 138 4519 t
162 4469 235 4525 illis:
250 4469 381 4525 lliscreor
398 4482 481 4537 super
494 4469 612 4535 turbant,
622 4468 687 4537 quia
704 4482 769 4524 ecce
783 4465 841 4537 jorn
862 4466 913 4521 tri..
966 4457 1032 4511 cient
1048 4459 1075 4511 in
1089 4458 1140 4512 nin.
1155 4456 1296 4512 biturittcrc
1306 4454 1414 4527 jejunos
1429 4456 1457 4511 iu
1474 4453 1585 4511 domuin
1613 4468 1696 4508 suam
1707 4452 1763 4509 bo-

130 4583 138 4610 ι
161 4560 214 4617 duo
238 4561 374 4616 sustinent
395 4574 449 4621 me,
463 4574 514 4613 nec
532 4559 635 4613 babent
652 4558 724 4628 quod
740 4557 912 4611 manducent.
966 4548 1056 4603 utiuus
1074 4563 1127 4604 non
1142 4547 1209 4614 vult,
1224 4563 1258 4602 ne
1271 4547 1398 4603 deficiant
1421 4548 1449 4602 in
1461 4546 1515 4611 via,
1542 4544 1608 4615 quia
1631 4542 1771 4601 videliet

292 4167 461 4209 svulcettbb
475 4167 566 4218 uinci,
587 4167 673 4207 carba
687 4166 745 4206 itti.

130 4679 138 4698 ·
160 4651 194 4705 bt
204 4650 228 4704 si
239 4650 368 4705 dimisero
380 4663 427 4703 eos
434 4646 541 4717 ieiunos
564 4647 713 4703 indoctum
739 4663 826 4713 suam,
848 4646 913 4702 dell-
965 4644 1087 4700 conuersi
1100 4652 1257 4713 peccatores
1271 4643 1297 4697 in
1309 4643 1451 4712 praesentis
1470 4643 1532 4697 ritu
1546 4641 1589 4696 via
1615 4640 1766 4705 deliciunt.

129 4763 139 4793 ‹
161 4743 234 4799 cient
249 4742 278 4796 in
291 4740 346 4808 tia,
361 4738 473 4810 quidam
485 4738 557 4793 euim
571 4753 604 4793 ex
619 4738 659 4793 eis
675 4738 710 4794 de
737 4737 816 4808 longe
834 4751 914 4793 vene·
965 4734 987 4788 si
1007 4734 1033 4787 iu
1053 4749 1102 4788 sua
1122 4733 1289 4791 coitscientia
1306 4734 1365 4789 sine
1391 4733 1521 4790 noenius
1539 4740 1642 4789 smcte
1657 4730 1774 4803 pabulo

129 4858 138 4883 t
162 4839 235 4887 rnut.
248 4830 282 4886 Et
292 4830 491 4900 responderunt
502 4829 528 4883 ei
541 4828 665 4896 discipuli
676 4826 827 4883 sui:llnde
844 4826 913 4883 istos
964 4826 1146 4880 dimittantur.
1175 4825 1215 4880 Ne
1241 4840 1305 4896 ergo
1334 4825 1469 4880 lassentur
1494 4822 1575 4892 hujus
1596 4824 1775 4895 peregriua-

128 4946 137 4976 «
160 4925 260 4997 poterit
272 4925 334 4995 quis
349 4924 394 4979 bic
414 4931 539 4980 saturare
553 4921 668 4991 panibus
689 4920 717 4975 in
745 4919 912 4976 solitudine?
963 4917 1044 4971 tionis
1058 4917 1164 4982 itinere,
1178 4915 1306 4988 pascendi
1318 4924 1381 4970 suut
1394 4928 1472 4969 sacra
1487 4911 1686 4968 admonitione.

129 5048 137 5076 a
160 5022 194 5077 Et
204 5018 381 5089 interrogavit
392 5016 534 5085 coszQuot
545 5030 631 5087 panes
644 5013 827 5079 babetisiiiui
838 5012 912 5068 dixe·
999 5006 1113 5072 Qbidam
1135 5007 1203 5060 enim
1218 5022 1250 5060 ex
1266 5006 1303 5060 ris
1315 5004 1348 5059 de
1360 5004 1436 5075 lonpe
1449 5012 1584 5058 uenerrnu.
1600 5002 1650 5057 Est
1665 5012 1775 5059 auten

18 5156 22 5160 .
128 5123 237 5180 «runt,
266 5120 380 5185 septem.
407 5110 441 5165 lit
463 5108 592 5179 praecepit
628 5106 714 5161 turbs·
742 5103 911 5159 discumbere
962 5098 1008 5167 qui
1035 5097 1104 5152 tttbil
1117 5095 1260 5152 iraudiset
1288 5095 1354 5150 nibil
1369 5093 1486 5150 earnalis
1499 5093 1687 5162 corruptionis
1712 5108 1780 5149 cs-

128 5228 135 5260 i
159 5220 242 5276 super
257 5212 370 5269 terram,
383 5210 410 5257 et
422 5199 557 5270 accipiens
572 5206 675 5267 septem
690 5209 784 5265 panes,
809 5194 912 5263 gratias
961 5199 1067 5259 pertus,
1094 5189 1128 5243 ad
1158 5186 1352 5255 omnipotentis
1375 5184 1424 5240 uei
1438 5184 1579 5239 servitium
1605 5181 1775 5245 festinarit,

127 5318 137 5354 a
158 5313 252 5371 agens,
264 5294 354 5366 fregit,
373 5300 400 5348 et
410 5290 493 5345 dabat
507 5288 645 5358 discipulis
665 5287 731 5353 suis,
745 5295 775 5339 ut
792 5298 910 5356 appone
963 5277 1213 5347 istodolongiuquo
1223 5291 1276 5330 uon
1288 5274 1371 5339 venit,
1384 5273 1448 5343 quia
1459 5286 1508 5340 pcr
1521 5271 1782 5340 incorruptionem

127 5409 136 5442 r
161 5397 232 5454 rent,
249 5394 277 5441 et
298 5387 498 5454 proposuerunt
518 5380 612 5433 turbae.
627 5378 661 5431 Et
672 5375 809 5431 habebant
830 5374 912 5445 pisci·
961 5382 991 5428 et
1004 5369 1185 5425 binocentiam
1199 5367 1341 5437 proximus
1357 5365 1418 5419 luit.
1445 5363 1522 5418 illius
1536 5360 1610 5418 nulla
1637 5360 1754 5434 impedi
1767 5380 1782 5393 ·

128 5502 137 5531 r
163 5482 239 5537 culos
251 5492 361 5550 paucos,
375 5483 403 5529 et
416 5475 490 5546 ipsos
504 5471 652 5533 benedixit,
667 5476 695 5524 et
706 5466 789 5537 jussit
800 5465 909 5538 apponi.
963 5462 1038 5527 cilia,
1056 5460 1138 5516 nullis
1149 5457 1258 5527 flagitiis
1271 5457 1439 5527 inquinatus,
1461 5453 1549 5509 solutu
1574 5461 1670 5507 autern
1696 5464 1786 5513 con·

129 5589 140 5621 c
160 5572 192 5626 Et
203 5569 433 5626 manducavemnt
445 5572 473 5619 et
487 5560 601 5618 saturati
613 5567 690 5625 sunt,
705 5567 733 5614 et
745 5557 913 5615 sustulerunt
960 5552 1065 5625 jogiutu
1078 5559 1218 5620 expertus,
1231 5548 1265 5603 ad
1279 5546 1460 5603 ministerium
1476 5541 1619 5614 spirituale
1639 5550 1783 5598 coare?

130 5663 229 5727 «quod
252 5667 392 5731 supererat
421 5657 454 5713 de
479 5652 639 5723 fragmentis
665 5659 768 5722 septem
794 5658 910 5721 sportas.
965 5663 1010 5703 sus
1035 5655 1086 5702 cst.
1104 5644 1195 5715 licque
1225 5644 1274 5698 istc
1296 5641 1399 5695 vertite
1422 5635 1660 5707 longinqnn,quia
1691 5636 1784 5693 risu*
