3810 6120
181 341 236 400 259

182 462 229 508 tur
250 464 284 507 cx
306 450 430 515 nomine,
456 442 624 517 recognoscit
639 449 792 505 auctorem,
816 447 970 507 atquceunr
987 439 1011 497 ,t

182 543 307 617 protinus
319 539 452 604 bobboni,
470 538 564 602 idest,
581 534 740 605 magistrum
755 538 851 594 vocat,
867 529 930 598 quia
948 535 975 582 ct

183 634 244 706 ipse
263 641 320 689 erat
337 632 382 701 qui
397 628 569 698 quaerebatur
580 625 716 690 exterius,
736 631 765 678 et
783 623 840 693 ipse
855 621 900 691 qrri
915 635 974 674 carn

186 724 316 786 euterius,
331 734 361 776 ut
373 723 517 790 qrraereret,
532 718 656 772 docebat.

222 816 294 869 Dicit
318 813 342 867 ei
362 811 459 866 lesus:
484 807 548 865 Noli
571 825 610 863 nte
633 816 749 878 tangere,
773 804 889 860 nondum
908 803 976 857 enim

183 903 293 960 essendi
312 902 347 956 ud
363 899 470 954 Putrem
490 916 585 954 mecm.
611 897 661 972 (Ex
683 896 809 968 nrrgtrst.)
837 896 883 951 Sic
905 894 977 949 enim

189 998 291 1052 dictum
304 1003 364 1050 est:
382 992 446 1047 Noli
461 1008 501 1046 me
515 1000 636 1063 tongere,
651 991 724 1045 utin
739 991 783 1044 illa
798 989 897 1044 femina
912 987 979 1058 ilgrt·

188 1098 300 1142 rarctur
318 1085 440 1141 Ecclesia
460 1084 494 1139 de
514 1084 648 1155 gentibus,
671 1098 731 1152 quae
753 1082 781 1136 in
799 1079 908 1135 Christo
925 1095 979 1134 non

185 1176 314 1239 credidit,
332 1175 383 1229 nisi
399 1189 461 1229 cum
476 1173 643 1228 ascendisset
657 1174 691 1228 ad
703 1172 821 1227 Patrem.
842 1169 895 1225 dut
905 1178 981 1225 certe

190 1265 230 1321 sio
243 1280 271 1319 se
283 1263 357 1319 credi
370 1262 455 1317 voluit
469 1260 562 1327 iesus,
586 1262 638 1316 boc
650 1269 707 1326 cst,
730 1260 770 1314 sic
783 1276 813 1315 sc
828 1258 981 1329 specialiter

191 1358 274 1428 tangi,
289 1357 361 1427 quod
376 1357 432 1426 ipse
446 1365 488 1410 cst
503 1363 532 1410 ct
544 1355 625 1409 Pater
637 1370 721 1409 unum
735 1355 799 1408 sint.
815 1353 913 1418 Aliter,
927 1367 980 1408 non

190 1456 265 1502 recte
278 1447 407 1517 tangitur,
423 1446 449 1501 irl
463 1452 515 1509 cst,
530 1461 583 1500 non
597 1455 671 1501 recte
684 1445 812 1500 creditur.

230 1539 285 1612 (Ea
303 1535 425 1610 (imponi
453 1536 512 1592 lam
528 1551 593 1592 vero
610 1536 646 1590 ab
662 1533 826 1604 evangelista
845 1549 899 1588 non
916 1533 981 1589 sub

191 1631 276 1695 ditur,
290 1630 354 1701 quid
369 1629 466 1683 mulier
480 1625 586 1691 fecerit,
602 1625 696 1680 seder
715 1640 747 1679 eo
765 1625 895 1690 innuitur,
911 1623 983 1693 quod

822 320 1000 378 sanandus
1019 314 1163 375 suutttts

1336 429 1437 485 FElllA
1458 428 1501 484 l'l.

1142 536 1270 576 cmsroas
1290 537 1369 575 rrrnr
1390 535 1517 575 arosronr
1537 533 1556 584 t,
1577 532 1637 572 car.
1656 533 1697 573 ru.
1717 561 1723 571 .

1063 633 1071 664 ι
1087 611 1211 667 Christus
1226 609 1309 665 semel
1321 609 1500 679 propeccatis
1513 607 1614 662 nostris
1628 617 1754 663 mortuus
1763 617 1818 676 est,

1029 722 1038 754 ι
1051 703 1141 772 justus
1152 717 1202 773 pro
1214 701 1331 772 injustis,
1347 706 1376 753 ut
1389 715 1437 754 nos
1448 695 1557 753 offerret
1571 698 1626 753 beo
1639 698 1821 758 mortificatos

1029 812 1038 843 ι
1055 793 1163 864 quidem
1178 806 1274 856 carne,
1288 789 1438 844 vivificatos
1453 797 1542 842 autern
1558 787 1664 857 spiritu.
1682 786 1711 842 ln
1725 804 1779 859 quo
1792 800 1822 845 et

1030 904 1039 938 r
1056 885 1098 941 his
1112 884 1158 954 qui
1175 885 1326 939 incarcere
1342 890 1435 946 crant,
1451 880 1611 952 spiritaliter
1623 883 1736 937 veniens
1749 898 1822 954 prae-

1031 993 1040 1025 r
1056 974 1165 1029 dicavit.
1190 973 1241 1040 Qui
1261 972 1393 1028 increduli
1413 969 1520 1025 fucrant
1536 969 1693 1040 aliquando,
1711 975 1822 1042 quando

1032 1082 1041 1114 ι
1058 1063 1253 1132 exspectabant
1271 1063 1319 1117 liei
1337 1062 1494 1130 patientiam
1509 1061 1536 1115 in
1550 1060 1646 1116 diebus
1664 1060 1735 1127 Noc,
1758 1079 1824 1121 cum

1033 1173 1042 1207 ι
1060 1154 1239 1210 fabricaretur
1251 1169 1325 1219 arca,
1337 1154 1364 1208 in
1377 1168 1429 1223 qua
1442 1154 1532 1223 pauci,
1545 1153 1635 1217 idest,
1649 1163 1710 1210 octo
1724 1153 1824 1212 animae?

1034 1247 1141 1300 rsnlrae
1160 1244 1237 1300 factae
1257 1252 1320 1300 sunt
1338 1258 1387 1313 pcr
1405 1258 1514 1313 aquam.
1540 1243 1618 1313 Quod
1636 1255 1664 1300 et
1684 1261 1732 1302 vos
1750 1262 1824 1303 nunc

1034 1336 1156 1391 «similis
1174 1335 1268 1391 formae
1286 1334 1376 1389 salvos
1394 1332 1458 1392 facit
1478 1334 1632 1403 baptisma,
1657 1350 1711 1390 non
1730 1339 1825 1392 carnis

1035 1446 1044 1480 ι
1061 1428 1195 1499 depositio
1209 1428 1328 1483 sordium
1337 1427 1411 1495 „sed
1427 1428 1603 1483 conscientie
1615 1427 1692 1484 bonae
1704 1429 1825 1484 interro·

1035 1541 1045 1572 ι
1062 1521 1135 1592 gotio
1147 1520 1276 1584 inlisum,
1285 1534 1333 1590 per
1344 1521 1571 1576 resurrectionem
1581 1519 1644 1577 lesu
1655 1520 1769 1590 Christi,
1778 1524 1826 1595 qul

1036 1632 1045 1664 ι
1062 1621 1103 1668 cst
1117 1613 1143 1667 in
1157 1613 1251 1667 deutra
1265 1612 1322 1668 uei.
1340 1633 1350 1666 t

1069 1702 1188 1760 Christus
1200 1704 1279 1760 sente!
1288 1722 1336 1777 pro
1346 1707 1459 1777 peccatis
1471 1708 1568 1763 nostris
1579 1719 1697 1765 mortuus
1710 1721 1758 1778 eet,
1768 1720 1824 1769 etc.

192 1720 303 1780 audivit.
320 1718 363 1775 cul
379 1718 498 1772 dieitur:
518 1714 581 1770 Noli
596 1731 636 1768 me
648 1724 764 1784 tongere,
780 1711 897 1767 acardum
911 1713 982 1766 enim

192 1809 299 1868 arcendi
321 1807 355 1862 od
378 1805 485 1861 Patrem
507 1822 603 1859 meum.
632 1804 661 1859 ln
685 1804 729 1857 lris
754 1817 870 1871 namque
892 1804 982 1860 rcrlt's
996 1802 1020 1861 B
1034 1797 1085 1868 (Er
1100 1784 1196 1868 Beda.)
1216 1798 1265 1862 Qui
1284 1811 1350 1866 ergo
1367 1796 1456 1866 iustus
1475 1798 1587 1868 patitur,
1607 1798 1745 1857 Christum
1765 1803 1829 1859 imi.

193 1902 356 1965 ostenditur,
369 1900 441 1970 quod
454 1898 537 1952 llaria
553 1897 680 1968 amplecti
692 1895 777 1950 roluit
790 1897 848 1964 ojus
860 1896 982 1966 vestigia,
1034 1893 1121 1952 tatur;
1141 1886 1186 1955 qui
1207 1885 1235 1940 in
1253 1885 1365 1957 flagellis
1384 1888 1541 1960 corrigitur,
1561 1887 1712 1957 latronem,
1731 1893 1780 1963 qni
1800 1894 1829 1950 itt

193 2005 273 2061 quern
294 1989 470 2060 recognovit,
495 1985 542 2041 sed
561 1986 592 2040 ci
613 1985 742 2055 magister
760 1984 844 2039 dicit:
862 1983 926 2038 t'loli
944 2000 985 2038 me
1033 1978 1264 2034 cruceChristum
1279 1978 1415 2050 cognorit,
1430 1987 1533 2049 etpost
1547 1995 1656 2036 crucem
1670 1983 1829 2051 paradisum

193 2093 308 2153 tongere.
329 2080 465 2149 Nonquia
482 2085 544 2149 post
558 2075 784 2131 resurrectionem
801 2075 930 2129 Dominus
944 2083 983 2129 ra.
1033 2084 1095 2125 cum
1108 2068 1217 2124 Cbristo
1232 2069 1353 2123 intravit.
1377 2069 1428 2135 Qui
1445 2083 1496 2124 nec
1512 2070 1584 2125 inter
1598 2070 1700 2143 flagella
1720 2072 1832 2152 desistit

194 2184 267 2229 ctum
288 2173 378 2226 renuit
397 2171 579 2234 feminarum,
603 2184 664 2222 cnm
680 2171 713 2223 dc
729 2168 834 2223 duabus
849 2168 883 2222 nd
897 2165 985 2239 sepul·
1034 2161 1162 2230 accipis,
1186 2160 1326 2215 sinistrum
1343 2160 1466 2216 imitatur
1477 2159 1629 2228 latronem,
1653 2163 1698 2233 qui
1717 2170 1832 2234 propter

194 2279 270 2319 crum
294 2262 353 2330 ejus
377 2261 507 2330 scriptum
531 2261 584 2313 sit:
606 2257 777 2312 Accesserant
801 2268 824 2311 et
847 2268 985 2312 tennerunt
1034 2260 1145 2322 peccata
1160 2251 1282 2306 1861111111
1295 2251 1324 2305 in
1339 2265 1465 2315 crucem,
1485 2259 1512 2306 0²
1528 2262 1590 2322 11051
1604 2267 1712 2309 cmcem
1727 2254 1832 2310 111ῑ1111

189 2355 270 2426 <pedes
284 2353 351 2424 ejus.
377 2351 430 2406 Sed
445 2367 494 2406 cur
509 2351 583 2420 tangi
599 2366 652 2405 non
666 2349 775 2415 debeat,
793 2350 863 2404 ratio
879 2365 986 2420 quoqne
1035 2350 1178 2397 tartarum.
1194 2340 1258 2396 ldco
1272 2349 1362 2396 autem
1373 2339 1511 2397 Christum
1525 2342 1609 2398 semel
1620 2353 1757 2400 mortuum
1769 2360 1834 2402 essc

191 2445 304 2500 additur
322 2459 382 2499 cunr
402 2439 587 2497 subinfertur:
605 2439 728 2494 Nondum
743 2441 812 2494 enim
827 2441 934 2494 essendi
951 2440 986 2494 od
1031 2441 1280 2498 commemorabili
1291 2432 1486 2504 101113111111111111
1497 2434 1524 2488 111
1536 2435 1693 2490 111110111111
1706 2447 1830 2506 1111110111,

194 2534 304 2591 ,pamm
324 2552 420 2590 meum,
445 2533 475 2588 ιῃ
490 2532 572 2589 corde
586 2532 686 2587 etenim
704 2539 806 2596 inisero,
828 2540 891 2585 runc
907 2531 986 2588 tosus
1035 2526 1099 2596 quia
1113 2527 1295 2596 temporaneis
1309 2524 1411 2580 nostris
1425 2526 1595 2595 passionibus
1609 2541 1715 2586 merces
1728 2531 1832 2590 redde·

195 2627 319 2683 ascendit
340 2627 373 2680 ad
394 2624 524 2689 Patrem,
545 2638 608 2679 cum
629 2621 741 2692 aeqrralis
761 2623 881 2677 creditur
899 2621 984 2677 Patri.
1037 2622 1206 2669 111ῐὲ111111·
1852 2606 1867 2627 ’

198 2717 265 2773 Nam
276 2717 399 2789 quisquis
409 2732 469 2772 eum
480 2716 611 2786 aqualem
619 2715 692 2769 Patri
700 2731 752 2769 non
761 2715 857 2780 credit,
865 2715 986 2771 adlrucin
1073 2709 1097 2764 U
1098 2721 1106 2764 1
1120 2729 1167 2766 tot
1178 2713 1283 2782 offerret
1294 2711 1359 2777 ⁰0⁰,
1371 2701 1542 2783 mvrlificalvi
1554 2712 1659 2786 quidem
1669 2730 1762 2781 11111111,
1773 2723 1830 2772 0¹0·

190 2810 255 2880 ciras
265 2817 375 2880 pectore
388 2808 420 2862 ad
431 2806 539 2862 Patrem
551 2821 604 2861 non
617 2805 747 2861 ascendit.
763 2805 809 2862 lllc
820 2822 884 2878 crgo
893 2806 986 2862 iesum
1036 2803 1075 2860 ue
1090 2804 1141 2859 hac
1157 2803 1364 2860 mortificatione
1378 2804 1485 2868 carnis,
1504 2814 1534 2861 ct
1547 2803 1729 2859 vivificatione
1747 2804 1833 2876 spiri·

194 2901 329 2954 veraciter
344 2899 439 2969 tangit,
451 2899 496 2967 qui
508 2897 581 2951 Patri
592 2896 693 2951 Filium
709 2905 872 2952 coeternum
888 2896 985 2952 credit.
1036 2901 1092 2957 tus,
1104 2909 1185 2963 quarn
1199 2895 1301 2949 babent
1312 2895 1340 2949 bi
1353 2894 1398 2964 qui
1412 2909 1463 2965 pro
1480 2895 1594 2950 llomino
1606 2909 1656 2966 per
1671 2894 1832 2966 patientiam

236 2988 308 3044 Vade
320 2990 355 3043 od
369 2990 464 3059 fratres
478 3005 560 3054 meos,
580 2999 604 3042 et
624 2989 666 3042 dic
681 2991 738 3043 eis:
752 2988 870 3044 Ascendo
885 2989 919 3043 od
933 2986 988 3044 Po·
1038 2983 1171 3038 laborant.
1196 2983 1266 3040 Dicit
1284 2994 1312 3040 ct
1332 2986 1469 3056 apostolus
1487 2985 1605 3043 Paulus:
1623 2985 1657 3042 Et
1675 2987 1699 3042 si
1715 2989 1835 3042 exterior

195 3092 260 3135 trem
280 3096 382 3142 meam,
403 3079 564 3146 etreliqua.
593 3079 703 3133 Nonait
721 3079 830 3134 Patrem
846 3087 984 3148 nostrum;
1030 3077 1115 3130 *leonto
1131 3086 1219 3131 noster
1232 3079 1419 3148 corrumpitur,
1436 3078 1482 3133 sed
1495 3089 1582 3134 tomen
1601 3079 1623 3134 is
1643 3079 1688 3149 qui
1701 3065 1776 3134 intus
1792 3088 1835 3135 eet

196 3172 275 3227 niitcr
288 3184 352 3239 crgo
367 3182 473 3231 nterim,
498 3168 577 3221 aliter
595 3175 725 3222 vestrum.
752 3167 853 3222 Natura
877 3183 985 3235 meum,
1000 3148 1022 3210 C
1038 3179 1177 3223 renovatur
1189 3170 1221 3224 de
1233 3171 1277 3224 die
1287 3171 1314 3226 in
1327 3171 1396 3226 diem
1409 3170 1452 3244 (ll
1464 3170 1524 3227 Cor.
1539 3171 1588 3251 tv).
1605 3171 1690 3228 Ofert
1701 3189 1770 3247 ergo
1781 3191 1835 3232 uos

195 3261 282 3332 gratia
296 3266 432 3323 restmm,
450 3264 478 3312 et
493 3258 577 3312 [terrm
593 3273 697 3322 meum,
712 3265 740 3312 ct
755 3257 838 3314 bourn
854 3269 985 3316 restrum.
1037 3258 1318 3316 confractionibus
1332 3302 1339 3327 ,
1361 3277 1422 3317 cum
1436 3271 1499 3334 post
1515 3263 1753 3322 morutcaionom
1770 3280 1835 3323 car·

193 3351 289 3421 scone
303 3351 346 3405 hic
359 3349 427 3404 dixit
441 3366 448 3402 :
464 3347 548 3403 licum
563 3357 695 3403 nostrum.
715 3348 785 3420 Ergo
800 3359 827 3404 ct
842 3348 895 3415 hic,
910 3348 987 3405 aliter
1037 3349 1080 3404 nis
1093 3364 1143 3420 pro
1159 3349 1204 3406 illo
1219 3351 1354 3407 immolari
1369 3352 1535 3423 gaudemus,
1561 3352 1588 3408 id
1606 3361 1663 3420 est,
1683 3355 1770 3410 vitam
1783 3372 1835 3413 no-

191 3453 297 3504 micum,
309 3440 387 3495 aliter
399 3447 529 3493 restrum.
548 3439 632 3494 Deum
648 3455 748 3505 meum,
764 3441 814 3495 sub
828 3456 883 3512 qino
896 3451 923 3496 ct
936 3456 987 3512 ego
1037 3449 1122 3495 stram
1138 3438 1301 3498 laudabilem
1315 3443 1342 3497 in
1357 3451 1504 3514 conspectu
1523 3444 1614 3500 Patris
1631 3446 1761 3502 ostendit.
1782 3444 1836 3505 tat

195 3533 369 3588 botrosum:
390 3529 474 3582 Mum
488 3537 621 3594 restmm,
642 3529 713 3584 inter
725 3545 793 3599 quos
812 3539 840 3586 ct
857 3530 913 3602 ipse
928 3546 985 3586 me-
1037 3540 1111 3587 ccrte
1124 3529 1204 3586 offert
1217 3546 1266 3587 nos
1280 3531 1346 3598 beo,
1362 3547 1426 3587 curn
1441 3532 1579 3589 absolutos
1595 3548 1688 3600 cartre,
1707 3535 1736 3590 in
1751 3544 1835 3593 tetec-

196 3622 285 3676 diator
299 3635 369 3674 sum.
394 3618 461 3673 Cum
483 3633 545 3674 cum
566 3619 638 3674 dicat
657 3627 686 3674 ct
706 3628 843 3684 vestrum,
868 3635 918 3675 cur
933 3635 986 3676 nou
1036 3635 1101 3675 utun
1115 3635 1165 3676 nos
1180 3635 1293 3692 regnum
1305 3622 1462 3677 introducit.
1481 3621 1614 3681 Sancboc
1625 3624 1697 3695 quod
1711 3624 1832 3682 dicitur:

196 3710 376 3763 communitor
395 3708 458 3762 dicit
480 3710 628 3763 nostrum?
655 3711 703 3765 sed
723 3710 852 3766 distincte
874 3712 986 3782 inquens
1042 3707 1191 3780 l'irincatoa
1203 3718 1291 3764 nutem
1304 3710 1407 3782 spiritu,
1419 3709 1835 3772 sanctnslttaanastusttexan

196 3798 308 3863 indicat,
322 3799 385 3868 qrria
401 3798 525 3852 cunrdcm
541 3797 649 3853 Patrem
667 3808 695 3853 et
712 3799 795 3855 licum
820 3802 987 3862 dissimiliter
1037 3800 1102 3854 driae
1114 3799 1252 3869 pontifex,
1269 3817 1322 3856 non
1337 3801 1371 3857 ad
1385 3801 1502 3859 hominis
1515 3805 1656 3876 spiritum,
1672 3807 1721 3876 qui
1736 3807 1834 3863 rnorti·

196 3891 279 3948 bairet
300 3891 356 3962 ipse
376 3905 457 3959 quarn
478 3904 547 3944 nos:
566 3890 684 3944 Ascetrdo
702 3891 737 3945 ad
755 3890 862 3947 Patrem
884 3911 984 3962 ntetttn,
1037 3890 1116 3945 ficata
1135 3906 1217 3947 cartre
1234 3891 1329 3947 trelius
1343 3892 1506 3962 vivificatur,
1524 3895 1632 3952 dicente
1645 3896 1784 3969 Propheta
1800 3898 1834 3956 tie

195 3979 322 4035 videlicet
337 3993 386 4049 per
400 3989 540 4041 naturam,
561 3987 589 4033 ct
607 3978 714 4035 Patrem
730 3988 849 4036 restrum
865 3997 913 4051 per
926 3998 987 4052 gra·
1038 3981 1169 4036 bornino:
1187 3980 1222 4037 llt
1236 3981 1354 4039 vivificet
1367 3985 1492 4056 spiritum
1504 3986 1658 4054 humilium,
1670 3997 1700 4045 et
1713 3988 1833 4048 vivificet

193 4073 261 4126 tiam
285 4090 291 4124 :
315 4070 350 4124 ad
369 4070 453 4125 licum
472 4086 578 4137 meum,
600 4072 664 4142 qrria
684 4072 827 4139 descendi,
848 4073 882 4128 ad
901 4072 986 4128 licum
1036 4087 1084 4127 cor
1097 4074 1254 4139 contritum,
1267 4076 1314 4130 sed
1330 4076 1363 4131 ad
1378 4077 1494 4148 gratiam
1507 4080 1600 4151 potius
1614 4080 1699 4137 refert
1712 4080 1832 4155 Spiritus

192 4170 326 4225 nestrum,
343 4160 406 4229 quia
419 4161 578 4215 ascendistis
597 4180 603 4215 ι
622 4164 685 4232 quia
700 4162 772 4217 enim
788 4171 815 4219 et
829 4178 878 4234 ego
893 4165 984 4230 lrorrro,
1036 4165 1133 4231 sancti,
1149 4167 1195 4235 qui
1212 4166 1437 4224 mortificantibus
1459 4185 1570 4225 carnem
1591 4166 1668 4228 suam
1683 4170 1769 4228 vitam
1785 4174 1833 4230 tri·

192 4251 267 4307 licus
281 4253 347 4307 midi
361 4261 419 4319 est;
439 4255 502 4322 quia
513 4270 562 4310 ros
575 4255 610 4310 ab
621 4270 716 4311 errore
729 4256 847 4322 liberati,
860 4257 930 4313 licus
944 4266 986 4314 est
1037 4255 1095 4310 buit
1118 4257 1320 4325 sempiternam.
1349 4258 1440 4314 Utitur
1456 4261 1531 4316 ‘onim
1550 4269 1579 4316 et
1600 4262 1652 4317 lroc
1675 4262 1832 4320 testimonio

195 4343 282 4397 robis.
300 4343 432 4398 bistincte
448 4360 513 4416 orgo
528 4347 594 4401 mitri
613 4348 693 4402 rator
710 4357 738 4402 et
756 4349 828 4405 bens
846 4359 902 4417 est,
922 4335 985 4422 qnia
1037 4345 1263 4412 uorrtrtbriauos.
1277 4349 1321 4419 qui
1334 4349 1482 4419 aeqrratitau
1498 4359 1601 4409 sancta
1613 4351 1758 4410 Trinitatis
1770 4369 1832 4411 coe

196 4448 275 4500 qrrem
295 4442 358 4487 ante
377 4433 474 4488 saecula
492 4436 577 4490 Βοιιιιι
597 4439 708 4506 genuit,
735 4440 872 4494 homiuem
887 4441 915 4494 in
931 4439 982 4495 tino
1037 4439 1182 4502 tradicuat,
1193 4451 1372 4510 astruensque
1385 4442 1832 4515 individuamdirinaeoperationis

196 4525 355 4578 cuculorum
369 4540 475 4579 mecum
490 4528 600 4580 crearit.
1033 4533 1174 4589 unitatem.
1185 4535 1309 4592 vivificet
1319 4535 1410 4602 Pater,
1419 4536 1638 4604 vivificetl'ilius,
1645 4537 1767 4595 vivificet
1773 4537 1832 4612 Spi-

236 4612 310 4668 Venit
326 4613 414 4668 Moris
430 4614 588 4686 llogdulene
601 4621 761 4674 annuntians
772 4621 918 4693 discipulis,
930 4632 981 4679 otc.
1033 4625 1102 4679 ritus
1116 4633 1236 4681 sanctus.
1261 4627 1378 4682 Proinde
1397 4627 1461 4684 licet
1475 4636 1503 4683 et
1517 4628 1599 4696 lilius,
1617 4630 1683 4701 quia
1697 4633 1832 4703 scriptum

195 4704 265 4759 Ecce
278 4704 387 4759 humani
401 4705 508 4776 generis
518 4706 596 4777 culpa
611 4709 647 4762 ibi
661 4710 827 4765 abscinditur
839 4712 909 4767 uredo
921 4729 984 4785 pm-
1032 4722 1092 4769 cst:
1107 4711 1187 4770 Sicut
1200 4717 1273 4771 enirn
1292 4717 1407 4772 suscitat
1423 4719 1507 4776 Pater
1519 4726 1642 4775 mortuos
1656 4728 1686 4776 et
1699 4720 1831 4789 virilitas,

194 4794 288 4849 cessit.
303 4794 370 4862 Quia
384 4796 455 4850 enim
471 4796 498 4852 in
513 4798 639 4867 paradiso
653 4799 750 4856 mulier
760 4801 819 4857 riro
832 4803 984 4873 propinavit
1033 4807 1072 4860 sic
1087 4813 1114 4860 et
1127 4804 1212 4861 Filius
1224 4822 1292 4878 ortos
1302 4809 1361 4864 rult
1370 4809 1501 4876 vivificat,
1514 4807 1634 4882 Spiritus
1641 4825 1708 4868 vero
1719 4824 1833 4871 unctus

195 4896 321 4953 ratortcm,
336 4905 351 4943 a
367 4889 492 4959 sepulcro
506 4889 603 4945 mulier
616 4891 682 4946 viris
696 4893 838 4948 annuntiat
850 4895 943 4962 vitant,
956 4907 984 4952 et
1031 4906 1061 4952 et
1073 4899 1125 4952 ltoc
1140 4900 1294 4956 testimonio
1310 4902 1473 4969 declaratur,
1486 4919 1540 4974 quo
1551 4903 1694 4962 dicifardc
1706 4905 1788 4973 Filio,
1803 4915 1833 4963 ut

191 4976 265 5034 elicta
279 4980 320 5034 sui
331 4980 507 5038 vivificatoris
519 4992 620 5050 narrat,
632 5000 692 5055 qum
703 4985 837 5040 mortiferi
849 4989 983 5058 serpentis
1033 5005 1083 5044 nos
1097 4989 1208 5046 offerret
1221 4993 1287 5059 Dco,
1302 4995 1475 5063 ntortificotos
1490 4996 1594 5067 quidem
1610 5013 1700 5064 corne,
1714 4999 1831 5070 sitifien-

193 5070 274 5123 vcrba
289 5083 461 5139 narraverat,
481 5090 512 5129 nc
527 5075 552 5130 si
566 5076 683 5131 lurmnno
697 5077 805 5148 garneri,
824 5094 877 5133 non
893 5080 985 5143 verbis
1032 5095 1071 5139 tos
1084 5095 1170 5139 autern
1185 5087 1288 5158 spiritu.
1306 5086 1424 5158 ideoque
1438 5104 1552 5157 quornm
1565 5105 1620 5145 una
1634 5092 1759 5162 operatio
1772 5101 1831 5157 cst,

193 5160 332 5225 Dorulaus,
348 5165 395 5217 scd
409 5167 489 5221 rebus
503 5167 584 5233 dicat,
599 5168 632 5223 de
645 5184 698 5239 qua
712 5186 792 5224 trranu
804 5171 880 5225 robis
894 5171 983 5227 illatus
1032 5178 1128 5232 trorum
1140 5192 1199 5232 essc
1213 5178 1306 5249 dispar
1315 5180 1434 5234 essentia
1446 5180 1489 5236 vel
1499 5181 1652 5237 substantia
1663 5197 1718 5237 non
1730 5183 1830 5253 possit.

190 5262 235 5309 cst
246 5263 326 5324 potus
339 5257 445 5324 mortis,
458 5259 491 5314 dc
505 5259 562 5330 ipsa
576 5263 704 5332 suscipite
715 5263 842 5334 poculum
856 5265 927 5319 vitm.
1068 5267 1103 5322 ln
1118 5286 1169 5339 qrro
1184 5280 1208 5323 et
1223 5269 1263 5324 iris
1277 5271 1322 5341 qui
1341 5270 1370 5325 in
1385 5287 1489 5327 carcere
1503 5282 1594 5339 erant,
1616 5271 1775 5344 spiritaliter
1787 5290 1832 5331 re·

510 5368 666 5409 concanora.
1032 5360 1105 5412 niens
1119 5358 1281 5430 predicavit,
1295 5371 1348 5415 etc.
1369 5359 1420 5427 Qni
1439 5362 1540 5417 nostris
1559 5361 1729 5433 temporibus
1745 5376 1832 5419 carae

227 5436 257 5494 ln
277 5441 328 5496 hoc
345 5441 456 5496 istarum
474 5441 587 5497 duorum
608 5445 637 5499 frt
655 5447 800 5502 concordia
818 5447 979 5514 lectiounrn,
1032 5451 1153 5513 venicus,
1166 5451 1216 5504 iter
1228 5451 1289 5504 vitae
1304 5452 1404 5506 inundo
1418 5452 1584 5523 predicar-tt,
1597 5453 1655 5523 ipsc
1667 5453 1751 5509 etiam
1762 5461 1832 5509 ante

192 5531 256 5598 quia
270 5531 376 5586 locutus
389 5540 431 5587 cst
444 5532 555 5604 angelus
570 5534 669 5602 blaviae,
684 5536 790 5592 locutus
804 5547 832 5592 ct
846 5537 979 5609 Plrilippo.
1032 5538 1048 5591 d
1061 5539 1161 5593 luriunt
1177 5539 1217 5594 cis
1237 5539 1283 5608 qui
1305 5548 1368 5594 tunc
1386 5540 1516 5595 increduli
1537 5550 1617 5595 erant
1633 5549 1661 5595 ct
1678 5540 1831 5597 carnaliter

190 5619 394 5693 Evangelirarit
413 5625 505 5681 lesum
526 5625 665 5698 Philippus
683 5631 823 5694 cutrrtclm,
847 5632 981 5685 nuntiavit
1033 5633 1171 5695 vixerant,
1194 5632 1290 5701 spiritu
1303 5632 1415 5686 vernens
1428 5631 1596 5701 przcdicarit.
1617 5632 1678 5702 lpse
1692 5631 1768 5687 cniru
1781 5645 1833 5703 per

195 5709 276 5765 liaris
290 5719 418 5785 apostulis
430 5719 443 5773 J
455 5738 532 5775 'sttui-
1033 5724 1163 5793 Spiritum
1177 5733 1300 5778 sattctuur
1315 5734 1373 5777 crat
1391 5724 1418 5777 iu
1434 5722 1499 5790 Noc,
1514 5723 1688 5793 caeterisque,
1702 5723 1832 5796 piltune
