3810 6120
142 336 210 398 tilla
777 329 914 396 botri'ta
934 334 1127 398 tttsioutot.
1503 402 1510 413 ι
1698 336 1768 391 ttttttt

138 457 230 513 ouiiiia
241 463 315 508 sarta
330 461 399 508 tecta
414 459 537 507 ritermit.
551 452 626 518 Quod
639 452 932 522 conspiciensmagnus
945 455 971 516 Α
984 451 1091 508 Sancte
1113 451 1161 507 bct
1180 450 1325 507 Genitrieis
1347 449 1380 504 ad
1405 448 1526 519 rraseps
1552 449 1684 504 cortinam
1704 453 1770 508 hia-

138 538 166 584 ct
184 525 332 597 praelarus
353 522 473 593 pontifex
489 523 516 578 iu
530 537 654 593 magnam
680 522 791 577 renierus
816 520 930 576 tribula·
983 522 1142 578 rendrinam
1155 521 1347 592 ciimpcriciysi
1360 521 1393 574 dc
1405 518 1533 582 stauraci,
1544 526 1572 573 et
1586 519 1665 575 aliani
1678 521 1768 578 albarii

137 600 251 657 tionem,
265 593 407 648 lamentari
420 593 502 662 coepit
520 601 575 648 tani
591 608 642 673 pro
656 606 769 662 argemo
794 606 931 661 quamque
982 607 1045 647 cum
1060 592 1185 663 periclrsi
1204 591 1238 647 dc
1249 590 1376 649 stauraci.
1393 599 1421 663 et
1431 588 1511 643 aliam
1526 588 1614 643 albam
1625 604 1687 645 cum
1700 593 1771 663 peri·

157 683 188 722 ro
201 665 309 720 ceteris
319 664 471 732 speciebus,
488 678 549 731 gua
562 662 661 732 ibidem
672 658 809 716 demolita
822 669 851 714 ct
867 675 932 716 con·
981 657 1048 731 clysi
1070 665 1103 717 de
1128 651 1243 717 biattliin
1264 659 1412 729 pendentes
1440 673 1522 729 super
1544 658 1639 721 altare,
1665 672 1770 737 etanta

150 744 233 793 metae
250 742 329 795 sunt;
346 732 393 789 scd
412 734 524 787 Domino
540 739 685 794 annuente,
709 738 737 784 et
758 732 837 785 beato
861 731 932 798 prin·
981 731 1171 802 praesepevela
1185 729 1317 785 alliacum
1330 729 1453 800 periciysl
1469 732 1501 783 ilc
1513 726 1640 784 blatthin.
1651 729 1770 789 Necnon

137 810 199 878 cipe
219 803 405 874 apostolorum
429 809 602 871 protegente,
630 799 759 871 praefatus
770 798 889 870 pontifex
903 808 931 854 ¹et
981 808 1010 855 ct
1022 800 1094 855 iutro
1107 816 1189 925 gigas
1205 797 1321 867 majores
1335 809 1416 869 atque
1430 807 1492 852 ante
1516 801 1703 868 secretarium,
1721 818 1771 859 nti·

139 877 205 933 totis
227 875 333 928 nisibus
346 873 403 927 suis
421 879 560 926 certarnen
578 885 682 940 ponciis
696 870 783 926 instar
798 869 868 924 sicut
881 885 930 924 au-
981 884 1057 924 mero
1078 869 1113 923 dii
1150 871 1231 933 ccim,
1253 878 1279 924 et
1298 869 1371 923 intus
1388 881 1509 939 praesepe
1530 868 1595 925 fecit
1619 880 1721 928 vestem
1736 873 1770 928 de

140 936 931 1016 tiqiiitusciristebatauiplaetmaximafortitudincpoiiens
981 938 1175 1011 aiythinociim
1200 938 1384 1008 chrysoclavo.
1410 938 1541 993 linoetin
1566 938 1677 996 basilica
1699 944 1770 998 beati

139 1017 168 1071 in
193 1013 332 1069 meliorem
357 1009 468 1065 deduxit
492 1018 604 1065 statuar.
629 1009 664 1063 Et
675 1009 701 1064 in
717 1008 823 1064 meliori
840 1008 931 1078 specie
980 1006 1121 1064 Laurentii
1134 1009 1265 1079 martyris
1273 1007 1339 1062 foris
1351 1021 1442 1063 maros
1453 1008 1585 1063 cortinam
1594 1008 1701 1083 Tyriam
1708 1028 1769 1067 cuni

123 1101 201 1142 ¹eam
225 1081 404 1137 marmoribus
430 1080 576 1143 decora-vu,
603 1088 712 1147 tanique
731 1079 930 1150 pres'yterium
980 1078 1108 1149 periclysi
1132 1078 1166 1134 de
1190 1078 1321 1135 stauraci.
1346 1077 1376 1131 ln
1400 1074 1511 1133 basilica
1539 1078 1611 1133 beati
1633 1080 1770 1138 Pancratli

138 1168 276 1238 ignaraque
286 1158 368 1205 totam
379 1149 521 1205 ecclesiam
537 1149 725 1213 murmuravit,
737 1157 766 1203 ct
786 1146 846 1217 eius
867 1152 931 1218 por·
980 1149 1109 1272 martyris
1123 1144 1186 1203 iecit
1209 1146 1342 1203 ciborium
1356 1158 1389 1203 ex
1406 1158 1519 1220 argento
1535 1149 1692 1218 purissimo,
1705 1166 1771 1224 pen-

139 1234 210 1281 tieus
221 1220 371 1277 renovavit.
980 1226 1045 1274 s‘aiis
1066 1218 1138 1273 ibras
1151 1227 1289 1274 trecentas
1301 1217 1442 1289 sexaginta
1454 1227 1480 1272 et
1494 1230 1607 1287 sepiem.
1636 1220 1669 1274 Et
1685 1222 1712 1276 iri
1736 1224 1771 1277 tl-

176 1292 316 1360 Simulque
327 1298 355 1343 et
374 1289 401 1343 in
419 1303 503 1352 nave,
518 1303 578 1357 qum
588 1295 629 1343 cst
642 1302 723 1357 super
734 1286 831 1353 altare,
855 1296 930 1343 sarta
980 1286 1152 1344 tuloCallr'sti
1167 1289 1200 1343 ad
1214 1282 1345 1343 honorem
1358 1294 1459 1343 sancte
1471 1287 1519 1342 liei
1538 1290 1678 1360 genitricis
1700 1306 1771 1347 sern-

139 1371 211 1419 tecta
228 1360 320 1416 omuia
344 1357 451 1413 noviter
475 1358 648 1422 restauravit,
672 1366 700 1412 et
726 1366 781 1412 tres
796 1357 930 1428 imagines
979 1371 1081 1428 perque
1110 1357 1225 1430 virginis
1239 1357 1330 1412 ilaris
1360 1356 1424 1412 fecit
1441 1358 1572 1413 ciborium
1599 1375 1634 1414 ex
1657 1371 1770 1433 argento

129 1447 238 1489 aurem
260 1429 360 1486 ibidem
387 1427 495 1490 obtulit,
524 1426 630 1483 scilicet
652 1425 801 1482 Salvatoris
822 1426 930 1482 fioriiini
977 1442 1099 1498 pensans
1112 1427 1194 1482 libras
1210 1427 1373 1508 quingentas
1387 1435 1541 1496 guaitiioret
1554 1431 1645 1484 seinis.

138 1502 227 1559 nostri
236 1498 299 1555 lesu
310 1497 421 1559 Christi,
434 1497 574 1553 beatorum
585 1495 736 1578 principum
747 1497 929 1566 apostolorum
1015 1496 1049 1550 Et
1061 1497 1088 1551 iii
1100 1494 1177 1551 titulo
1189 1496 1316 1552 Eudorirac
1326 1496 1392 1551 fecit
1406 1504 1509 1551 vestem
1532 1497 1619 1552 albam
1640 1515 1702 1555 curn
1718 1516 1770 1626 Γ

138 1572 214 1627 l’etri
232 1578 260 1625 et
287 1567 375 1623 Puuli.
391 1565 445 1622 Sed
458 1575 485 1622 ct
498 1566 579 1620 aliam
605 1566 748 1635 imaginem
774 1573 929 1636 argenteam
980 1564 1123 1636 riclycide
1142 1565 1328 1636 chrysoclavo.
1345 1566 1418 1620 Elin
1442 1565 1633 1622 titulosanctrs
1656 1568 1770 1627 Caec'ise

138 1639 291 1696 Salvatoris
304 1639 462 1692 deoru-atam
475 1651 556 1706 super
569 1645 660 1705 postes
672 1635 699 1688 iii
714 1635 827 1691 introitu
840 1636 930 1705 posuit
980 1632 1154 1691 fecitvesleai
1165 1636 1197 1690 de
1207 1634 1336 1690 stauraci.
1346 1634 1434 1690 Sedet
1444 1635 1472 1689 ia
1482 1635 1558 1690 titulo
1568 1639 1770 1698 sanctiEuscbli

139 1718 300 1791 pensantem
318 1706 400 1761 libras
411 1706 562 1776 sexaginta.
575 1704 627 1759 Sed
637 1712 665 1758 et
674 1719 755 1759 omiic
772 1715 929 1778 argenteum
979 1702 1158 1761 fecitvcstem
1175 1705 1209 1760 ile
1222 1704 1343 1759 fundato.
1369 1705 1439 1759 Etin
1462 1705 1542 1759 titulo
1564 1710 1650 1764 sancti
1673 1708 1768 1767 vitulis

140 1780 241 1833 iiiiilem
254 1776 325 1847 guod
344 1783 553 1845 cariquassatum
573 1774 662 1828 fuerat
674 1773 779 1831 iiovitcr
791 1783 928 1830 restaura·
941 1814 967 1874 B
980 1772 1045 1828 fecit
1055 1783 1158 1830 restem
1179 1774 1213 1829 de
1223 1775 1342 1829 stauraci
1356 1787 1418 1829 cum
1433 1787 1514 1830 errice
1528 1775 1562 1829 de
1581 1778 1767 1848 chrysoclavo.

142 1849 190 1913 vit,
206 1863 255 1903 nec
266 1863 319 1901 noii
332 1855 360 1900 et
370 1845 502 1900 fenestras
525 1844 610 1914 ipsius
628 1843 748 1899 ecclesiae
773 1844 849 1900 uiirae
866 1843 929 1912 piri-
980 1840 1102 1900 Necnon
1115 1845 1180 1899 etin
1200 1844 1278 1899 tilulo
1292 1851 1392 1899 sancia
1406 1845 1579 1899 l‘iiiientianae
1593 1845 1768 1906 fecrtvestcru

138 1917 303 1973 cbritudinis
317 1931 351 1971 eir
361 1915 470 1970 metallo
492 1913 610 1986 Cyprino
623 1913 768 1968 decoravit.
790 1913 849 1984 lpse
863 1929 929 1969 vero
980 1920 1010 1967 ut
1025 1929 1055 1969 su
1076 1930 1116 1968 ra.
1130 1913 1164 1968 Et
1177 1913 1204 1967 in
1218 1914 1295 1968 titulo
1305 1920 1406 1968 sanctae
1418 1913 1568 1967 Anastasia
1590 1913 1654 1971 fecit
1666 1931 1768 1975 vestem

138 1987 266 2057 prietatis
314 1983 477 2040 otiiexfceit
498 1984 525 2038 iu
548 1982 660 2039 basilica
686 1981 844 2048 salvareris,
869 1999 929 2054 qum
979 1981 1013 2036 iie
1045 1928 1166 2038 ffindato.
1200 1982 1277 2039 Fecit
1304 1993 1331 2038 et
1360 1983 1388 2037 in
1415 1983 1495 2037 titulo
1518 1993 1618 2039 sancta
1641 1984 1770 2045 Frasedis

139 2066 252 2113 vocatur
275 2000 507 2117 &nstandaiana
529 2067 610 2121 super
632 2052 719 2108 altare
742 2064 832 2108 vestes
850 2053 928 2117 diras,
978 2058 1081 2107 restem
1096 2053 1128 2107 de
1140 2054 1261 2108 stauraci
1274 2067 1334 2108 cuni
1347 2053 1472 2124 periclysi
1490 2053 1524 2108 de
1537 2054 1663 2110 blattiiiii.
1678 2057 1714 2114 Et
1737 2059 1766 2114 iii

140 2126 375 2198 exquiliusunam
388 2139 451 2178 curii
462 2122 637 2194 chrysoclavo
648 2128 676 2176 et
693 2124 807 2193 gemmis
828 2123 930 2178 liaben-
978 2121 1090 2177 basilica
1103 2122 1175 2177 beati
1186 2122 1325 2178 Laurentii
1337 2123 1366 2177 in
1390 2123 1521 2178 Formosa
1540 2123 1605 2179 fecit
1616 2135 1718 2183 vestern
1733 2129 1769 2184 tle

140 2205 196 2253 terii
209 2190 718 2252 historiamSaivatorisintrocuntisin
734 2192 929 2248 sanctamcivi-
978 2191 1155 2261 quadrapuio.
1301 2215 1303 2218 >
1685 2194 1689 2205 ·

141 2274 235 2329 taleni,
261 2273 288 2320 st
302 2264 330 2320 in
344 2262 425 2319 aliam
449 2262 653 2345 chrysoclavam
664 2275 726 2315 crim
739 2262 854 2332 gemmis
864 2275 928 2332 pre-
956 2291 968 2311 .
1013 2259 1070 2315 luio
1080 2269 1108 2315 et
1119 2261 1146 2315 in
1157 2264 1322 2318 monasterio
1336 2262 1421 2317 sancti
1440 2261 1573 2319 tranasti
1588 2263 1653 2321 fecit
1664 2272 1767 2324 resena

141 2334 296 2390 tiosissimis
317 2335 461 2390 habentem
482 2333 622 2389 historiam
647 2331 854 2387 resurrectionis
877 2331 930 2386 fio·
978 2329 1012 2385 de
1037 2330 1213 2402 chrysoclavo
1225 2332 1346 2402 ejusdem
1357 2347 1420 2387 cirin
1432 2335 1561 2403 martyris
1570 2338 1698 2403 passione
1719 2339 1768 2394 tle·

140 2405 256 2459 minine.
285 2404 317 2459 Et
343 2403 370 2458 in
398 2402 513 2459 circuitu
534 2401 628 2457 altaris
652 2400 710 2455 vela
733 2402 815 2457 rubea
841 2402 928 2459 serica
977 2400 1059 2471 picta,
1076 2403 1231 2471 etplianrm
1248 2402 1281 2457 de
1295 2411 1480 2474 argentosum
1499 2413 1620 2460 canistro
1642 2411 1768 2479 octogoni

138 2481 269 2546 quatuor.
286 2481 316 2529 et
329 2471 389 2527 alba
404 2480 519 2543 quatuor
537 2486 598 2526 cum
608 2470 792 2540 chrysoclavo.
816 2471 850 2527 Et
872 2480 929 2527 tres
977 2478 1124 2539 pensantes
1151 2470 1235 2527 libras
1252 2472 1349 2541 viginti
1362 2471 1491 2541 quinque.
1505 2471 1541 2527 Ft
1556 2475 1583 2528 in
1604 2480 1769 2533 monasterio

139 2551 205 2600 aute
218 2543 350 2615 imagines
361 2558 422 2597 cum
436 2540 509 2608 lisia,
525 2548 553 2596 et
572 2540 638 2595 alias
663 2539 738 2595 albas
752 2541 855 2597 sericas
880 2555 930 2595 nu·
978 2541 1066 2595 saneti
1078 2540 1202 2596 Silvestri
1220 2540 1283 2596 fecit
1295 2550 1384 2596 restes
1404 2542 1482 2605 duas,
1496 2556 1579 2596 iinani
1602 2544 1629 2599 in
1656 2547 1768 2605 basilien

141 2627 217 2669 mero
231 2623 333 2682 septem
346 2610 553 2682 ettrigiuta.Ft
566 2611 593 2665 iii
608 2610 695 2665 altare
720 2610 792 2665 beati
805 2610 929 2666 lleuantii
977 2608 1074 2678 majori
1090 2609 1225 2680 byzantea
1240 2611 1540 2681 cumchrysoclaimet
1553 2613 1633 2668 aliam
1652 2617 1686 2673 da
1707 2618 1768 2674 fun.

140 2678 319 2738 fecitvestem
340 2683 374 2737 dc
388 2679 500 2735 fundato
522 2694 585 2735 cum
612 2678 680 2734 velis
705 2678 818 2735 duobus.
845 2680 879 2734 Et
900 2678 928 2734 in
978 2678 1042 2735 dato
1064 2679 1092 2734 ln
1105 2681 1235 2736 oratorio.
1257 2680 1286 2735 ln
1308 2681 1474 2735 monasterio
1496 2691 1598 2738 macta
1623 2684 1713 2743 Lucia
1738 2690 1765 2743 lii

139 2752 269 2807 oratoriis
289 2759 447 2808 sanctorum
472 2744 585 2805 loannis
607 2746 736 2818 Baptistae
758 2759 786 2803 et
814 2746 928 2805 loaiiiiis
978 2747 1090 2804 heristis
1110 2749 1175 2804 fecit
1200 2758 1301 2805 restem
1314 2750 1348 2804 de
1368 2747 1480 2804 luridato
1498 2766 1560 2805 cuni
1582 2752 1766 2826 chrysoclavo.

56 2846 58 2856 .
139 2836 209 2876 eran
228 2821 312 2877 eliste
326 2818 389 2877 iecit
399 2827 488 2876 vestes
498 2819 532 2875 de
546 2819 665 2875 stauraci
677 2832 737 2873 cirin
752 2818 929 2890 chrysoclavo
977 2816 1011 2872 Et
1027 2818 1054 2873 iu
1068 2818 1278 2891 sanctollrsgelo
1292 2820 1320 2872 in
1335 2818 1457 2874 Fabiano
1470 2818 1768 2881 lecitvestciadefiin·

139 2891 316 2947 etveaduo.
976 2888 1051 2943 dato.
1078 2887 1113 2943 Et
1134 2889 1162 2944 in
1190 2889 1322 2944 diaconiae
1344 2887 1586 2946 samiatuctatu
1599 2899 1768 2964 septemviis

176 2960 250 3017 idem
273 2974 337 3014 vero
357 2957 486 3029 praefatus
510 2954 632 3028 pontifex
647 2970 729 3026 super
747 2955 832 3011 altare
855 2956 929 3013 beati
979 2955 1044 3013 feeit
1052 2967 1155 3014 restem
1167 2958 1200 3013 ile
1212 2956 1332 3014 fundato.
1348 2958 1378 3014 fii
1391 2959 1518 3014 diaconia
1533 2975 1596 3016 iuro
1609 2976 1764 3021 sasimorum

140 3026 214 3087 Petri
224 3029 338 3101 apostoli
348 3029 412 3086 iecit
423 3037 528 3085 vestem
551 3040 611 3082 cum
636 3028 691 3082 rite
706 3040 739 3081 cx
756 3042 823 3082 auro
839 3028 929 3096 puris·
976 3025 1064 3099 sergii
1077 3034 1105 3083 et
1115 3028 1214 3083 Bacchi
1227 3029 1402 3084 fecitvcstem
1413 3029 1447 3084 de
1457 3032 1585 3086 stauraci.
1600 3031 1629 3087 lii
1641 3035 1766 3093 diaconis

113 3158 116 3163 ,
141 3100 211 3156 simo
225 3114 287 3155 crini
307 3099 422 3169 gemmis
458 3096 644 3155 retiosissimis
655 3103 682 3152 et
695 3096 858 3166 margaritis,
879 3097 928 3152 lia·
976 3110 1042 3152 vero
1052 3106 1154 3153 sanetae
1168 3097 1256 3153 luciae
1265 3098 1294 3152 in
1306 3096 1387 3154 0rfea
1401 3096 1465 3153 fecit
1478 3107 1580 3155 ieatcni
1591 3103 1624 3160 de
1635 3108 1765 3167 stauraci.

140 3168 251 3224 lientem
263 3168 289 3224 in
301 3168 389 3223 medio
403 3114 505 3223 vudum
532 3166 700 3231 spissioris,
714 3174 742 3221 et
756 3175 858 3222 sauctae
880 3166 927 3222 liei
940 3169 964 3233 c
977 3174 1006 3221 et
1015 3166 1042 3221 in
1055 3166 1177 3224 diaconia
1190 3168 1276 3222 sancti
1291 3167 1429 3223 Eustachii
1444 3165 1508 3222 fecit
1526 3181 1630 3226 vestem
1652 3175 1688 3230 de
1707 3174 1768 3231 furi·

141 3238 281 3307 genitricis
296 3236 394 3298 llariae,
417 3246 446 3293 et
458 3237 598 3293 duodecim
613 3236 806 3309 apostolorum,
830 3234 875 3290 irbi
898 3245 928 3292 ct
977 3235 1053 3291 dato.
1065 3236 1124 3307 lpse
1135 3247 1224 3293 autern
1237 3252 1252 3291 a
1263 3236 1319 3292 lieo
1329 3245 1468 3308 protectus
1480 3241 1768 3302 venerabilisetaiuii.

142 3308 218 3362 misit
241 3309 300 3361 auri
327 3307 409 3362 libras
432 3307 524 3380 viginti
538 3307 667 3389 quinque.
683 3307 717 3360 Et
730 3305 810 3361 aliam
824 3312 928 3361 vestem
978 3304 1047 3361 deus
1059 3306 1180 3375 pontifex
1204 3306 1268 3361 iecit
1290 3307 1318 3361 in
1343 3308 1455 3361 basilica
1477 3308 1636 3366 beatif‘etri
1654 3319 1767 3384 apostim

141 3378 177 3433 ch
212 3376 503 3433 soclerambabeiitciu
522 3377 662 3433 historiam
685 3376 786 3431 litania
806 3374 926 3443 maioris.
977 3375 1167 3430 nutritorissui
1181 3375 1429 3430 inmediobasillcae
1438 3376 1670 3437 eruciilxumeaa
1721 3399 1768 3441 nto

141 3444 179 3503 Se
211 3447 329 3504 etalianr
346 3455 448 3503 vestem
463 3447 607 3501 habentem
622 3445 727 3500 tabulas
751 3444 929 3512 chysociavas
1015 3443 1122 3497 sissimo
1153 3454 1312 3512 pensantem
1332 3442 1416 3498 libras
1443 3448 1615 3517 septuaginta
1629 3460 1658 3505 et
1704 3471 1763 3511 uas.

141 3523 208 3582 tres,
224 3514 262 3571 'ct
285 3516 425 3571 historiam
446 3514 591 3569 [lominica
613 3513 747 3583 passionis
770 3511 926 3632 legentem:
990 3522 1097 3580 unique
1112 3511 1177 3567 fecit
1198 3513 1225 3593 iri
1248 3513 1414 3584 patriarchio
1429 3512 1606 3571 Lateranensi
1618 3520 1765 3580 triclinium

143 3584 201 3640 lfoe
217 3594 255 3641 est
275 3602 369 3655 eorpus
388 3600 485 3649 areum,
498 3588 568 3653 qaod
583 3598 630 3652 pro
654 3582 726 3635 uobis
750 3591 791 3635 tro
811 3593 879 3646 etur,
900 3588 929 3635 et
977 3581 1054 3635 nilne
1066 3581 1260 3653 magnitudinis
1273 3585 1427 3638 decoratum
1444 3584 1612 3642 sumamma
1626 3589 1662 3646 de
1679 3596 1763 3651 musi·

140 3662 250 3711 catera
275 3652 406 3709 Similiter
424 3653 504 3707 etiarn
531 3660 559 3707 et
583 3650 716 3706 cortinam
743 3651 872 3721 mojorem
895 3651 929 3706 de
976 3663 1021 3716 ro,
1038 3652 1123 3707 sedet
1137 3652 1206 3707 alias
1222 3653 1331 3708 absidas
1352 3654 1445 3708 deceni
1459 3655 1555 3710 dextra
1585 3657 1705 3732 laevaque
1721 3666 1766 3720 di-

143 3723 264 3779 fimdato.
279 3722 378 3777 Verum
396 3723 476 3777 etiam
488 3729 516 3775 et
538 3736 586 3791 per
598 3736 677 3776 arcus
701 3728 843 3803 argenteos
865 3719 929 3776 feeit
976 3722 1064 3776 versis
1078 3721 1199 3777 historiis
1215 3722 1346 3792 thpietas,
1359 3724 1490 3780 babentes
1500 3727 1767 3814 apostolesgsnitbg,⁸

142 3794 201 3850 rcla
211 3791 348 3865 paschalia
362 3807 424 3847 cam
436 3790 561 3873 periclysi
574 3792 607 3844 dc
621 3800 738 3845 stiiiraci
751 3805 785 3846 ex
807 3791 928 3861 quinque
977 3792 1156 3860 predicantes
1177 3792 1472 3850 cohaerentcsbosiiiee
1483 3794 1765 3868 consummarem·

141 3878 205 3921 euni
233 3862 409 3934 chrysoclavo
432 3866 578 3933 nonaginta
590 3867 617 3915 et
632 3869 696 3923 tres,
719 3866 748 3914 et
769 3860 796 3915 iri
812 3863 929 3916 arcubus
978 3874 1031 3929 quo
1049 3862 1109 3917 loco
1122 3872 1151 3917 et
1164 3860 1286 3918 accubita
1295 3864 1448 3928 collocarit,
1459 3867 1524 3921 etin
1536 3869 1765 3930 medioooiichani

143 3932 247 4004 majora
261 3932 319 3986 vela
342 3930 402 3987 alba
428 3931 605 4001 quadraginta
623 3939 649 3985 et
663 3937 734 3985 octo.
753 3930 808 3984 Nec
831 3944 884 3984 non
900 3939 929 3986 ct
977 3932 1195 4004 porphyreticam
1209 3948 1306 4003 aquam
1328 3933 1494 3989 fundentem.
1511 3934 1566 3992 Nec
1577 3950 1673 3996 oona
1729 3946 1766 4000 ri·

141 4003 274 4072 gabathas
289 4001 353 4058 fecit
380 4014 414 4057 ex
439 4015 506 4055 auro
526 4000 671 4071 purissimo
690 3999 843 4124 guindecim
865 4015 928 4056 cum
978 4011 1098 4057 meritum
1115 4003 1200 4072 ipsius
1219 4004 1398 4058 marraori'bus
1416 4004 1532 4061 disemis
1554 4011 1661 4065 strauit.
1688 3957 1766 4070 Fecit

159 4073 257 4128 ommis
267 4072 414 4143 pendentes
429 4071 457 4126 in
478 4070 588 4142 pergula
602 4078 664 4126 ante
684 4085 699 4125 a
712 4078 769 4126 tare
781 4078 929 4139 pensantes
976 4079 1069 4127 autern
1081 4080 1110 4129 et
1123 4073 1149 4126 iii
1164 4072 1242 4127 titiilo
1254 4074 1340 4128 saucii
1353 4073 1473 4141 Quiriaci
1484 4082 1586 4132 vestem
1599 4080 1633 4135 do
1644 4087 1763 4140 stauraci

155 4144 229 4198 ihras
244 4141 384 4211 sexaginta
398 4141 517 4211 quinque
537 4148 565 4194 ct
583 4141 674 4195 seniis.
698 4140 751 4196 Seii
771 4148 799 4194 et
810 4141 929 4195 tabulam
978 4154 1039 4196 curn
1063 4143 1188 4214 periclysi
1204 4143 1236 4197 de
1250 4142 1376 4208 biattliin,
1389 4152 1417 4199 et
1428 4145 1455 4199 ia
1467 4160 1534 4217 gyro
1547 4147 1764 4220 chrysoclavam,

143 4221 208 4268 ante
223 4210 418 4267 confessionem
444 4210 508 4265 fecit
528 4224 561 4264 cx
576 4226 642 4264 auro
656 4210 801 4281 pririssiino
813 4224 929 4280 pensan·
976 4221 1006 4265 et
1019 4211 1046 4266 in
1057 4213 1146 4268 medio
1156 4227 1265 4268 cmccm
1277 4214 1312 4269 de
1325 4215 1492 4284 niargaritis.
1504 4216 1560 4272 lino
1575 4228 1605 4274 et
1616 4220 1643 4275 in
1663 4236 1764 4280 omme-

114 4340 117 4345 ,
142 4281 552 4351 temiibrasrigintictuovcin.
572 4280 769 4335 verumetiam
792 4289 820 4334 et
837 4280 929 4351 imagi·
977 4282 1047 4335 tario
1059 4284 1144 4338 saneti
1156 4283 1225 4337 Sitti
1249 4283 1385 4354 viahppia
1399 4284 1575 4342 lecitvestcm
1590 4290 1764 4358 destairraci,

144 4368 193 4409 nes
207 4358 348 4422 argenteas
359 4350 501 4404 deauratas
524 4348 591 4404 duas
605 4365 686 4419 super
707 4350 796 4419 regias
835 4349 925 4422 rugas]
977 4359 1006 4404 et
1020 4351 1149 4407 inmediri
1163 4368 1272 4408 crucem
1290 4355 1323 4408 de
1350 4355 1538 4426 chrysoclavo.
1563 4359 1763 4419 verumetiam

145 4421 261 4492 majores
274 4420 364 4490 posuit
378 4430 523 4490 pensantes
541 4419 622 4474 libras
644 4422 800 4492 nonaginta.
836 4436 881 4474 nio
898 4431 927 4476 et
975 4421 1044 4474 etin
1059 4422 1138 4476 titulo
1164 4422 1265 4478 Callisti
1288 4438 1370 4494 super
1380 4426 1467 4480 aliare
1489 4435 1550 4496 post
1566 4429 1689 4488 absidam
1702 4435 1768 4490 ferit

142 4492 273 4546 canthara
288 4498 414 4560 argentea
423 4490 476 4543 duo
492 4489 518 4543 in
538 4489 705 4560 presbyterio
730 4489 794 4544 fecit
805 4502 923 4559 pensan-
936 4511 964 4573 D
977 4499 1080 4546 restem
1095 4493 1129 4546 de
1139 4494 1269 4559 stainam,
1285 4501 1314 4547 et
1326 4498 1351 4547 in
1364 4496 1452 4550 medio
1466 4512 1576 4552 caricem
1598 4501 1633 4555 de
1653 4503 1764 4574 chryso·

144 4560 180 4615 tia
193 4560 275 4614 libras
286 4559 498 4630 quinquaginta:
514 4573 564 4614 nec
574 4575 626 4613 nori
647 4568 674 4614 ct
689 4559 821 4614 fenestras
841 4559 925 4629 ipsius
976 4559 1063 4625 claro,
1079 4570 1106 4615 et
1124 4562 1223 4617 ibidem
1236 4564 1360 4618 similiter
1373 4565 1431 4619 rcla
1447 4581 1494 4621 ser
1508 4564 1573 4623 fecit
1582 4568 1616 4624 de
1632 4580 1762 4631 stauraci.

144 4628 264 4685 ccclesia·
286 4642 319 4685 ex
347 4629 455 4683 ructatio
474 4628 609 4699 Cypriane
631 4630 775 4684 decoravit.
801 4629 835 4682 Et
858 4631 925 4684 alias
974 4628 1050 4685 Fecit
1071 4631 1138 4686 etin
1151 4633 1229 4686 titulo
1244 4642 1399 4688 sauctorum
1423 4645 1540 4704 quatuor
1565 4637 1763 4701 Gorooatnrurii

143 4698 276 4755 fenestras
289 4699 524 4754 devitnidiversis
536 4698 672 4756 coloribus
683 4700 830 4754 decorarit.
849 4697 926 4754 Fecit
974 4709 1077 4755 vestem
1091 4702 1124 4756 de
1143 4704 1261 4758 stauraci
1284 4703 1428 4759 habentem
1451 4706 1479 4760 in
1493 4708 1583 4762 medio
1600 4726 1710 4769 uuoem
1729 4718 1764 4770 aaa

144 4776 171 4823 ct
185 4770 212 4824 in
235 4764 345 4824 basilica
364 4768 483 4823 doctoris
506 4768 598 4821 mundi
623 4769 694 4824 beati
714 4768 787 4822 l‘auli
811 4769 925 4837 apostoli
974 4771 1160 4842 chrysoclavo.
1173 4772 1206 4827 Fit
1218 4775 1245 4829 iri
1264 4773 1341 4827 titulo
1353 4774 1439 4829 sancti
1451 4775 1569 4834 llameili
1583 4777 1648 4837 fecit
1661 4794 1762 4840 vesturii

110 4850 112 4854 ·
142 4846 245 4893 vestem
260 4838 461 4909 obrysociaram
480 4838 623 4892 balantem
646 4840 673 4893 in
690 4838 779 4892 medio
801 4837 925 4894 Salvato-
975 4841 1009 4895 iis
1020 4842 1149 4897 stauraci.

144 4922 202 4962 rein
214 4914 243 4962 et
253 4906 346 4962 dextra
361 4908 480 4977 laevaque
493 4906 544 4961 titt.
571 4907 679 4963 Petroni
692 4917 720 4962 ct
731 4908 842 4962 Paulum
859 4918 925 4981 gen-
1013 4909 1100 4966 Simul
1119 4927 1153 4966 ue
1164 4911 1192 4967 iii
1202 4911 1316 4968 ecclesia
1328 4922 1432 4971 sanem
1441 4918 1569 4987 martyris
1580 4918 1689 4979 Sabine
1702 4923 1767 4980 fecit

143 4976 217 5031 tibus
226 4978 412 5047 predicantes,
437 4991 498 5033 ciim
515 4978 643 5100 gericiysi
669 4980 702 5033 de
715 4979 890 5048 chrysoclavo
902 4987 931 5033 et
978 4989 1083 5036 restem
1097 4928 1250 5037 dulculata
1262 4996 1324 5037 eum
1351 4985 1523 5056 periclyside
1536 4987 1766 5050 blattliiiibaben-

144 5048 258 5170 ἱεὲπιιίε
277 5047 489 5117 pretiosissimis.
536 5062 602 5117 uper
621 5048 708 5103 altare
722 5047 792 5103 beati
813 5048 929 5103 saitica
979 5058 1032 5105 tem
1049 5051 1076 5104 in
1095 5053 1185 5107 medio
1206 5066 1316 5107 cracem
1330 5052 1364 5108 de
1380 5054 1566 5127 chrysoclavo.
1586 5060 1641 5118 liee
1663 5079 1715 5119 riou
1737 5065 1764 5118 iu

187 5116 538 5189 'tiestcmchrysociavasi
561 5126 624 5172 ctrm
636 5117 799 5189 margaritis,
825 5118 879 5174 sed·
894 5126 930 5173 ·et
979 5118 1185 5176 basilicasancti
1199 5120 1374 5178 Laurentiiin
1389 5125 1518 5182 Formoso
1533 5129 1595 5186 fecit
1617 5135 1765 5189 vesterarii

163 5186 340 5258 resriyterium
352 5198 384 5240 ex
404 5188 585 5241 marmor-ibus
602 5188 718 5242 ornarit.
733 5186 766 5241 Et
789 5189 817 5242 iii
844 5188 930 5244 altare
979 5188 1100 5245 ftindato.
1115 5191 1265 5246 lhielesiam
1290 5204 1355 5249 vcro
1368 5196 1440 5252 beati
1465 5197 1542 5255 Pauli
1558 5203 1684 5272 apostoli,
1703 5216 1765 5271 quari

179 5263 230 5323 ata.-
248 5254 400 5310 Fetronlllae
427 5257 493 5310 fecit
516 5265 617 5312 restent
640 5259 729 5313 albam
751 5258 928 5314 bolrisericam
979 5267 1094 5315 vocatur
1118 5270 1279 5326 conventus,
1305 5265 1385 5320 sitaiii
1411 5266 1438 5322 in
1463 5270 1602 5325 territorio
1626 5270 1764 5327 Orbatano

144 5325 733 5398 eiimtabirlisdeclirysoclaro,etcrucc,et
750 5328 849 5385 ibidem
885 5344 926 5384 re·
979 5329 1048 5385 isira
1069 5329 1136 5387 does
1150 5329 1314 5399 Samios,
1331 5344 1361 5391 et
1384 5334 1569 5403 flusinenses,
1582 5354 1630 5395 seu
1651 5338 1764 5399 tumb-

144 5394 293 5467 slrytcriam
318 5410 352 5451 ex
367 5398 547 5452 marmoribus
564 5397 835 5466 scalptisdecoravit.
872 5399 927 5454 ecit
953 5432 957 5437 ·
978 5414 1084 5461 nenses,
1099 5411 1179 5471 stipis
1202 5402 1367 5472 castrilana,
1391 5422 1452 5476 guae
1465 5423 1515 5477 pao
1528 5408 1611 5464 nimia
1632 5415 1767 5467 rctusma

141 5469 174 5525 et
192 5464 331 5520 columnas
356 5475 498 5537 argenteas
521 5480 568 5521 sex
589 5476 617 5522 et
704 5468 774 5523 lares
794 5472 862 5524 risos
890 5484 925 5524 cs
973 5470 1030 5539 jam
1043 5471 1242 5538 immarctrerat,
1255 5483 1337 5545 atque
1351 5477 1422 5532 inea
1440 5478 1558 5546 pecudes
1577 5477 1709 5550 refugiunt
1723 5479 1766 5543 fa·

144 5543 257 5605 argento
269 5537 565 5607 pumssimowirsaritos
575 5537 656 5620 simol
679 5539 750 5594 ibras
759 5540 926 5620 octuaginta.
977 5541 1094 5604 ciebant,
1109 5556 1160 5598 nce
1174 5557 1228 5598 non
1241 5554 1270 5600 ct
1290 5561 1323 5601 ea
1337 5560 1369 5601 ea
1392 5546 1511 5615 reliquiae
1524 5546 1621 5602 ablatae
1643 5547 1763 5616 fuerant,

145 5602 180 5659 Et
201 5618 284 5728 ,εἰεῆρςτ
293 5618 396 5728 [εοῖἔεεε
416 5606 486 5729 bati
500 5606 640 5733 -ssrmffi
655 5609 820 5690 confessoris
843 5618 927 5679 atque
977 5612 1048 5715 iileiii
1072 5613 1260 5697 sauvissimas
1283 5614 1521 5697 praesul'poatliex
1547 5618 1672 5700 mundari
1696 5635 1766 5703 prae·

166 5688 927 5817 uli·dresltreycsniivssoetciqtteitmltetrigd‘irfflinciui'ausiidai
977 5690 1773 5824 ggiissgtagirigrggg'sgfiltgotie'gtrguiggteugli'ggggtfflbiggnggg
