3810 6120
128 283 178 340 ²⁸³
742 336 744 338 ,
777 268 955 335 strenuom
974 275 1118 332 annuns
1248 272 1280 347 ι
1712 276 1767 336 aet

128 400 189 459 tiles
206 399 371 456 calumniam
393 404 516 464 struere,
533 394 656 452 attidem
680 403 794 466 speratas
814 391 922 446 anobis
936 390 960 448 A
974 406 1043 446 mur.
1069 392 1116 448 llic
1131 394 1203 448 enim
1222 411 1285 451 vere
1304 395 1406 460 credit,
1430 396 1476 466 qni
1497 403 1607 451 exercet
1626 396 1768 465 operando

129 490 346 556 resurrectionis,
373 488 454 545 stulta
469 488 627 561 garrulitate
639 486 773 543 deridere.
800 482 829 539 st
848 482 921 537 enim
973 484 1044 552 qnod
1059 484 1154 540 credit.
1178 485 1255 552 Quod
1269 493 1359 541 autern
1375 487 1430 541 ait:
1452 486 1530 540 Beati
1550 487 1595 558 qui
1609 502 1651 541 me
1663 502 1719 541 nen
1730 486 1770 542 ri-

129 587 185 654 ipse
202 582 273 638 licus
295 589 399 645 vester,
418 580 560 649 inquiunt,
577 592 628 635 nec
642 577 702 633 'sibi
721 576 822 632 inllicta
844 571 923 627 alu·
972 576 1065 630 derunt
1081 588 1105 632 ct
1126 578 1304 633 crediderunt.
1327 577 1462 634 Praeteriti
1484 578 1615 648 temporis
1636 593 1703 634 usus
1724 586 1772 635 eat

128 675 193 731 duis
217 675 329 730 vulnera
349 688 447 730 curare
458 672 611 744 praevaluit,
638 672 685 726 sed
699 671 859 726 cicatricum
873 687 920 727 re-
972 670 1065 735 verbo,
1079 671 1326 741 tanquamille,qni
1337 673 1477 740 quoderat
1489 668 1611 724 luterum
1622 670 1707 725 instra
1721 684 1772 726 no⁴

129 766 218 840 stigio,
230 766 328 821 coelrrm
341 780 444 829 secum,
459 775 489 820 nt
501 765 601 829 dicitis,
616 763 727 827 invexit,
741 779 794 833 qua
812 763 923 817 temeri·
972 771 1048 814 verat
1059 762 1298 830 praedestinatione
1307 762 1363 833 jam
1376 762 1487 826 lactum,
1498 761 1596 816 sedbis
1608 761 1772 831 verbispro-

128 867 183 913 tate
204 858 307 927 putatis
324 871 386 911 cum
411 866 501 912 restra
515 857 548 911 de
568 855 680 926 pulvere
695 854 816 909 membra
834 854 867 907 ad
882 852 923 909 in·
972 852 1031 921 prie
1048 852 1178 921 gentium,
1193 860 1224 907 ut
1236 853 1365 916 diximus,
1379 852 1625 922 lidesdesignatur.

128 959 234 1020 tegrum
247 964 307 1005 csse
320 948 558 1004 restauraturum?
572 947 676 1015 Quibus
687 944 920 1013 respondendum:
1008 941 1094 996 iletre
1109 942 1215 1013 quidem
1233 943 1327 998 etalio
1345 945 1421 1014 signe
1436 943 1497 1012 ferit
1513 942 1592 998 leam
1613 944 1642 998 in
1659 960 1772 1015 canapo·

129 1040 196 1107 uuis
218 1041 290 1095 Deus
305 1049 407 1107 noster,
424 1040 470 1111 qui
492 1055 568 1095 suam
583 1038 779 1110 perpetnajam
799 1035 922 1092 mortali·
973 1044 1016 1088 cta
1031 1034 1221 1103 discipulerum
1235 1051 1365 1099 error-nm,
1389 1052 1449 1106 qcoe
1473 1051 1526 1089 nen
1547 1044 1608 1089 sunt
1623 1036 1722 1104 scripte
1741 1037 1773 1092 ιἰι

130 1136 185 1183 tate
210 1129 387 1201 glorificatam
410 1130 443 1184 de
465 1128 590 1200 sepulcro
615 1143 727 1182 carerem
750 1126 920 1189 resuscitare,
973 1126 1040 1180 lilrn
1059 1126 1118 1180 bec.
1140 1125 1281 1196 Signilicat
1297 1126 1462 1196 evangelista
1479 1126 1596 1196 plurima
1616 1125 1714 1181 iecisse
1725 1125 1773 1183 le-

129 1219 235 1286 qnando
255 1219 359 1283 relisit,
379 1226 406 1273 et
429 1218 566 1288 quomodo
591 1216 690 1279 voluit,
713 1212 822 1287 potnit',
841 1215 923 1269 etiarn
974 1233 1033 1273 sum
1046 1219 1122 1288 signa
1136 1225 1164 1273 et
1179 1217 1310 1272 miracola
1323 1217 1418 1273 salutis
1430 1227 1457 1273 ct
1471 1218 1683 1287 predicationis,
1709 1234 1773 1290 qim

129 1308 234 1377 qualem
253 1310 350 1374 noluit,
375 1310 526 1364 suscitavit.
552 1308 646 1378 Neque
659 1308 732 1364 enim
753 1322 923 1377 consequens
974 1323 1027 1362 non
1042 1308 1141 1378 scripta
1154 1314 1255 1373 essent,
1266 1317 1377 1378 propter
1390 1306 1592 1362 multitudinem
1606 1307 1714 1363 illarum
1729 1323 1775 1364 re·

129 1408 179 1464 est,
195 1408 226 1455 ut
244 1399 291 1470 qni
305 1399 408 1468 majora
422 1399 518 1455 iecisse
535 1402 682 1468 probatur,
705 1400 811 1454 nrinnra
834 1400 924 1454 lacere
974 1415 1034 1454 rum
1045 1414 1106 1470 quac
1117 1407 1191 1467 gesta
1204 1398 1314 1454 luerunt
1324 1397 1358 1451 ab
1370 1413 1412 1453 ec.

130 1491 294 1560 neqniverit,
306 1491 352 1545 sed
364 1498 439 1545 certe
451 1490 660 1560 dispensationis
671 1491 767 1561 gratia,
780 1490 825 1559 qui
837 1489 924 1559 majans
1010 1489 1075 1544 ilccc
1095 1499 1183 1544 entem
1194 1490 1293 1559 aeripm
1307 1499 1379 1554 sent,
1392 1497 1422 1542 ut
1434 1488 1546 1542 credetis
1561 1489 1624 1558 qnia
1641 1487 1719 1544 deser
1732 1499 1774 1544 cat

130 1581 203 1647 iecit,
229 1582 320 1637 minns
332 1581 422 1637 lacere
442 1581 607 1651 supersedit,
628 1583 680 1636 boe
693 1592 745 1647 est,
768 1584 814 1651 qrri
828 1583 924 1640 mortis
974 1581 1775 1637 CbrirtnsFiliuslicietntcredenteseitnmaeterncmindea-

131 1685 214 1741 regna
242 1673 395 1738 destituit,
423 1673 498 1743 signa
528 1673 624 1728 mortis
651 1673 798 1729 obliterare
825 1675 921 1730 noluit.
974 1678 1042 1731 ticin
1053 1679 1158 1730 nornine
1168 1677 1234 1746 ejus.
1247 1675 1295 1729 llic
1306 1675 1378 1730 enirn
1393 1675 1438 1744 qui
1450 1673 1537 1728 credit
1547 1715 1554 1738 ,
1565 1673 1628 1742 qnia
1641 1671 1720 1728 lesus
1730 1680 1776 1729 est

130 1762 220 1816 Primo
231 1762 364 1827 videlieet,
380 1773 409 1816 ut
422 1778 472 1833 per
486 1764 544 1818 baec
564 1763 702 1834 discipulis
714 1764 795 1821 fidem
808 1781 864 1822 suae
881 1743 961 1823 re·13
977 1768 1100 1825 Christus
1113 1768 1184 1823 lilius
1203 1768 1262 1832 ilci,
1278 1766 1415 1823 credendo
1427 1764 1618 1835 ipsantlium
1633 1766 1660 1820 in
1676 1781 1706 1821 se
1719 1766 1774 1821 ba-

130 1853 305 1908 snrrcctionis
316 1860 462 1918 astrueret,
475 1854 572 1909 dcinde
584 1861 614 1907 ιιι
628 1855 698 1923 patri
711 1870 760 1924 pro
774 1856 851 1911 nobis
864 1872 925 1929 sup·

130 1944 253 2014 plicans,
276 1945 357 2014 quale
380 1959 465 2014 genus
487 1945 599 2009 mortis,
623 1958 672 2014 pro
692 1948 847 2002 mortalium
868 1949 924 2004 rita

131 2033 281 2100 pertulerit,
302 2034 519 2104 superostendat.
545 2034 638 2092 Tertio
657 2049 687 2094 ut
707 2052 755 2092 sua
769 2045 856 2093 morte.
879 2053 924 2093 rc·

131 2126 256 2194 demptis,
270 2142 352 2196 qnam
368 2126 584 2184 misericorditer
597 2133 652 2187 sint
665 2131 759 2200 adjuti,
778 2129 925 2202 propositis

131 2231 239 2285 semper
251 2214 371 2284 ejusdem
386 2217 483 2273 mortis
495 2217 604 2274 introvet
616 2222 734 2286 indiciis,
749 2222 862 2290 ideoque
874 2220 926 2275 ml-

131 2306 292 2362 serieordins
304 2307 412 2363 Donrini
423 2310 450 2363 in
466 2317 596 2366 aeternum
609 2320 722 2367 cantare
735 2328 789 2367 non
806 2317 924 2377 cessent,

132 2400 180 2455 scd
201 2400 291 2454 dicant
313 2402 359 2471 qui
379 2403 510 2473 redempti
532 2416 596 2461 sunt
616 2407 781 2474 abomino‚
797 2408 924 2477 qnoniam

133 2493 231 2556 bontas,
252 2493 381 2560 quoniam
397 2493 424 2548 in
437 2503 569 2551 acterrrum
584 2498 769 2554 misericordia
783 2498 851 2569 ejus
876 2499 927 2553 Po-

132 2591 234 2637 stremo
247 2590 276 2637 ut
289 2584 371 2639 etiarn
385 2585 495 2654 perfidis
506 2588 534 2642 in
545 2588 659 2658 judicio,
674 2607 755 2662 qnam
768 2589 843 2659 juste
854 2592 927 2647 dam

133 2679 240 2738 nentur,
257 2683 365 2730 ostensa
384 2676 456 2732 inter
467 2678 520 2733 alia
541 2678 658 2752 ssagitia,
678 2684 759 2738 etiam
785 2684 927 2739 vulnerum

132 2777 193 2833 quac
206 2764 241 2818 ab
254 2765 295 2821 eis
309 2769 426 2840 suscepit
438 2770 565 2827 cicatrice
575 2773 731 2840 denuntiet,
744 2776 825 2831 veluti
839 2777 861 2832 si
877 2776 929 2831 ml·

134 2856 174 2913 les
189 2856 287 2928 aliquis
314 2858 478 2919 lectissimus
497 2864 609 2935 jubente
622 2883 672 2923 sno
694 2884 758 2940 rege
774 2885 824 2939 pro
845 2870 931 2926 totins

133 2962 189 3002 suae
210 2950 299 3018 gentis
325 2950 411 3006 salute
447 2952 578 3024 singulari
600 2958 748 3013 certamine
772 2959 928 3026 desudans,

134 3036 227 3092 multis
248 3038 357 3107 quidem
379 3041 537 3098 vulneribus
552 3048 688 3115 exceptis,
712 3046 818 3102 bostem
836 3056 930 3103 tamen

135 3125 293 3192 interliciat,
311 3128 395 3196 spolia
411 3130 470 3199 ejus
485 3131 605 3201 diripiat,
623 3135 763 3189 victoriam
787 3151 842 3191 snae
856 3139 929 3208 genti

135 3223 269 3283 reportet,
298 3225 325 3271 et
354 3218 537 3291 interrogatus
559 3237 574 3276 a
600 3224 706 3279 medico
728 3226 773 3280 cui
794 3229 931 3285 curandus

135 3311 324 3377 committitur,
339 3313 375 3367 ita
390 3328 424 3369 ne
437 3315 501 3369 relit
514 3317 616 3382 curari,
631 3324 661 3371 nt
673 3333 723 3373 nce
742 3319 855 3389 vestigia
869 3319 929 3374 nul-

136 3416 231 3455 nernm
255 3402 309 3456 ulla
338 3405 489 3470 resideant,
515 3422 549 3460 an
569 3409 654 3478 magis
677 3409 714 3464 ita
738 3418 768 3464 ιιι
789 3410 930 3467 cicatrices

135 3489 244 3557 quidem
270 3503 435 3560 remaneant,
462 3496 620 3553 deformitas
639 3515 703 3555 nero
716 3516 827 3570 prorsus
841 3501 931 3558 omnis

135 3587 164 3632 et
178 3580 287 3638 loeditas
299 3584 386 3650 absit,
411 3589 573 3656 respondeat
597 3605 627 3645 se
648 3592 739 3661 potins
760 3593 797 3648 ita
819 3611 848 3650 se
862 3595 931 3650 velle

135 3676 237 3741 sanari,
254 3685 283 3731 ιιι
299 3687 355 3734 ιοιο
367 3680 462 3736 salutis
476 3683 635 3753 decorisque
647 3687 753 3754 pristini
768 3696 839 3742 statu
856 3704 932 3744 reeu-

135 3778 249 3836 perato,
274 3779 433 3839 perpetuam
455 3788 548 3829 secum
570 3776 637 3830 tanti
660 3777 835 3834 circumierat
854 3780 931 3851 signa

137 3860 275 3930 triurnpbi.
296 3860 341 3917 Sic
353 3863 474 3934 prolecto
489 3865 630 3933 Donrinus,
642 3869 764 3938 perpetis
775 3871 809 3925 ob
824 3871 931 3941 signum

136 3949 266 4017 victorie,
292 3969 346 4008 non
366 3965 478 4026 excepta
498 3973 547 4026 pro
560 3959 638 4015 nobis
660 3959 771 4016 vulnera
784 3962 930 4031 passionis,

137 4042 184 4096 sed
204 4043 324 4111 ipsorum
343 4045 486 4104 cicatrices
508 4051 578 4105 caelo
599 4051 701 4107 inlerrc
719 4068 800 4123 quam
823 4056 932 4114 abolere

138 4135 242 4190 maluit.
258 4135 313 4192 Nec
327 4147 416 4195 tamen
431 4141 466 4196 ab
478 4141 521 4197 bis
538 4143 678 4214 quippiam
697 4144 760 4200 lidei
772 4154 873 4202 nostra
886 4163 931 4204 re·

137 4233 314 4288 surrectionis
330 4234 497 4304 praejudicat,
517 4236 551 4292 dc
572 4253 625 4307 qna
646 4239 737 4294 veraci
750 4241 932 4310 promissione

136 4323 310 4391 predicatur,
336 4333 365 4380 et
382 4327 495 4396 capillus
517 4328 551 4383 dc
572 4329 661 4400 capite
676 4339 769 4386 vestro
788 4346 842 4386 non
857 4333 930 4402 peri·

137 4412 187 4466 bit.

977 1861 1032 1925 bet,
1048 1857 1322 1924 habendolilium,ct
1336 1857 1419 1910 vitam
1434 1854 1603 1921 babebonia
1615 1856 1672 1925 ipsc
1686 1855 1773 1911 dixit:

976 1954 1034 2024 Ego
1048 1968 1107 2006 snm
1123 1954 1175 2017 uin,
1198 1952 1293 2005 ecritns
1315 1959 1339 2004 et
1353 1951 1404 2004 cite
1419 1948 1509 2020 (Jenn.
1533 1947 1599 2017 ris).
1620 1947 1735 2017 insuper
1747 1956 1778 2005 et

976 2044 1061 2097 vitam
1071 2057 1133 2097 cnm
1146 2040 1404 2109 sanctispnssidcbit
1418 2047 1558 2101 aeternam,
1573 2038 1618 2118 ubi
1634 2039 1687 2093 crit
1697 2046 1775 2095 certa

978 2133 1129 2198 securitas,
1155 2132 1319 2200 sempiterna
1341 2129 1476 2194 felicitas,
1500 2128 1684 2187 inenarrabile
1704 2144 1775 2202 gan·

977 2224 1061 2288 diunt,
1079 2224 1115 2278 ibi
1129 2222 1286 2293 implebitur
1298 2220 1363 2276 illud
1379 2239 1385 2273 :
1405 2220 1460 2274 Ero
1472 2220 1579 2274 illerum
1588 2219 1670 2286 Dent,
1684 2230 1710 2275 et
1723 2221 1775 2292 imi

977 2325 1053 2371 erum
1072 2315 1136 2368 aridi
1160 2312 1272 2383 popolus
1295 2311 1363 2377 (Jcr.
1379 2309 1479 2380 xxxi),
1504 2311 1609 2376 idest,
1632 2324 1681 2366 ero
1702 2310 1777 2366 unde

978 2411 1119 2471 satientur,
1133 2420 1181 2461 ero
1195 2421 1289 2461 corum
1304 2405 1372 2468 vita,
1384 2411 1412 2456 ct
1433 2402 1517 2468 salus,
1528 2413 1555 2458 et
1569 2404 1672 2466 virtus,
1688 2406 1716 2455 ct
1729 2416 1777 2458 en·

979 2503 1033 2571 pia,
1047 2510 1076 2555 ct
1087 2499 1182 2571 glo'ria,
1196 2505 1224 2552 et
1239 2497 1334 2559 borror,
1358 2502 1386 2550 et
1400 2510 1462 2564 pax,
1482 2502 1510 2549 et
1530 2492 1622 2549 oninia
1638 2493 1719 2557 ltona,
1745 2501 1776 2549 et

979 2595 1019 2651 sie
1033 2591 1188 2662 buplebitur
1206 2587 1271 2644 illud
1284 2586 1422 2657 Apostoli:
1448 2584 1482 2639 Ut
1498 2586 1531 2639 sit
1552 2584 1622 2639 ilem
1642 2583 1732 2639 omnin
1745 2584 1776 2639 itt

979 2684 1110 2749 carnibus,
1120 2683 1177 2753 ipse
1191 2681 1253 2735 bnis
1266 2680 1319 2733 erit
1333 2677 1531 2733 desideriorum
1542 2682 1712 2737 nostromm,
1725 2673 1775 2743 qui

980 2778 1039 2833 sine
1052 2774 1105 2830 line
1116 2772 1265 2837 videbitur,
1280 2771 1339 2825 sine
1352 2767 1462 2823 lastidio
1479 2766 1625 2831 anraltitur,
1639 2765 1699 2821 sinc
1711 2761 1777 2820 lati-

981 2866 1266 2943 gatinnelandabitur.

1301 2970 1460 3013 cosconnn.

1018 3060 1177 3129 Quanquam
1192 3062 1219 3110 et
1229 3055 1256 3108 in
1269 3049 1491 3124 pluribnsrerbis
1503 3055 1531 3101 et
1539 3046 1673 3107 sensibus,
1685 3034 1779 3100 tamen

982 3153 1009 3207 in
1022 3153 1073 3206 hoe
1086 3149 1158 3218 quod
1172 3146 1249 3209 dicit,
1264 3143 1326 3213 (pria
1343 3140 1421 3195 lesus
1440 3147 1481 3194 est
1503 3139 1574 3192 lilius
1587 3136 1645 3201 Dei,
1660 3137 1778 3192 istantm

981 3244 1095 3299 duanam
1106 3238 1246 3310 aptissima
1265 3235 1295 3289 bt
1306 3232 1449 3288 eoncordia
1463 3230 1620 3287 lectionum.

1105 3368 1269 3428 buttlblcn
1282 3365 1370 3422 POST
1387 3364 1464 3420 OCT.
1483 3360 1641 3420 noscitu.

1057 3501 1143 3541 teter.
1163 3500 1244 3539 nutat
1267 3499 1347 3536 lte'm
1366 3495 1445 3535 estut
1462 3495 1570 3543 APOST·‚
1584 3494 1644 3534 (ῘᾸΡ.
1664 3493 1694 3533 ΙΙ.

1019 3620 1028 3652 ι
1046 3600 1170 3656 Christus
1184 3611 1280 3669 passus
1291 3602 1332 3649 est
1344 3609 1393 3663 pro
1413 3593 1502 3656 nobis,
1529 3592 1606 3646 nuliis
1621 3590 1779 3660 relinquens

984 3716 992 3749 ι
1012 3693 1174 3764 exemplum,
1190 3699 1221 3745 ut
1235 3686 1385 3758 separamini
1399 3685 1513 3756 vestigia
1531 3683 1599 3751 ciris.
1615 3683 1668 3750 Qui
1683 3696 1779 3752 pecca-

985 3807 993 3840 ι
1013 3795 1070 3843 turn
1088 3801 1141 3840 non
1157 3783 1222 3838 lecit
1234 3797 1283 3836 nec
1298 3781 1422 3834 inventus
1443 3783 1486 3831 est
1503 3776 1580 3830 dolus
1594 3776 1621 3829 in
1643 3789 1692 3829 ore
1705 3773 1777 3844 eires.

984 3898 993 3929 ι
1012 3877 1063 3944 eri
1077 3891 1138 3930 cnm
1150 3872 1367 3935 malediceretur,
1381 3884 1435 3921 non
1449 3867 1637 3930 maledicebat,
1652 3880 1777 3937 cumpa-

985 3989 995 4022 ι
1011 3977 1123 4030 teretur,
1136 3980 1189 4020 non
1202 3963 1430 4019 comminabatur.
1455 3959 1590 4014 Tradebat
1603 3964 1694 4011 autern
1703 3955 1778 4025 iudi-

985 4084 994 4118 ι
1011 4063 1083 4122 canti
1096 4077 1125 4117 sc
1140 4059 1249 4129 iniuste,
1273 4056 1336 4125 quia
1348 4062 1459 4125 peccata
1479 4061 1572 4108 nostra
1592 4052 1649 4121 ipse
1665 4048 1778 4120 pertulit

985 4177 994 4209 ι
1014 4157 1042 4211 in
1061 4165 1175 4223 corpore
1196 4162 1245 4204 suo
1259 4161 1339 4216 super
1352 4145 1466 4216 lignum,
1482 4151 1512 4197 nt
1532 4140 1652 4211 peccatis
1664 4138 1780 4205 mortni,

986 4271 995 4303 ι
1010 4246 1124 4319 justitiae
1142 4242 1277 4304 vivamus,
1300 4235 1377 4305 errius
1390 4235 1474 4290 livore
1489 4233 1574 4288 sanati
1588 4230 1665 4286 estis.
1686 4229 1781 4285 Eratis

986 4360 995 4392 ι
1014 4340 1086 4397 enim
1108 4331 1254 4403 aliquande
1268 4330 1338 4384 sicut
1352 4342 1417 4383 ores
1432 4332 1571 4389 errantes,
1590 4323 1638 4378 sed
1652 4321 1779 4378 conversi

943 4452 971 4510 1)
986 4451 996 4485 ι
1014 4431 1079 4487 estis
1104 4441 1177 4483 nunc
1191 4425 1225 4479 ad
1240 4429 1376 4492 pastorem
1397 4426 1424 4474 et
1446 4417 1602 4486 episcopum
1622 4415 1778 4470 animarum

172 4502 314 4573 Respondit
340 4504 464 4573 Thomna,
482 4518 507 4561 et
527 4509 593 4563 etan
606 4513 632 4566 ei
646 4528 656 4565 :
676 4512 804 4568 Dominus
820 4530 891 4571 ntem
906 4523 931 4569 ct
984 4543 993 4578 ι
1012 4528 1174 4578 vestrarum.
1194 4534 1203 4567 ι

137 4598 209 4652 ”⁸¹¹⁸
228 4614 311 4653 melli·
329 4598 399 4655 Dl'll'l
416 4602 441 4654 εἰ
455 4600 534 4655 teser
544 4620 553 4656 ·‘
562 4603 632 4668 Quia
647 4605 733 4659 nidisti
749 4622 789 4660 me
810 4616 834 4661 rt
848 4607 931 4661 credi·
1017 4614 1279 4681 cbristnspnrtuseat
1290 4621 1337 4675 pre
1350 4604 1434 4666 nobis,
1447 4600 1520 4655 nelis
1533 4599 1679 4671 relinquens
1689 4614 1776 4653 exem·

138 4688 209 4741 ‘55³⁶-
233 4685 303 4743 ⁰¹¹¹ss
316 4702 381 4758 ⁸¹3⁰
391 4688 461 4744 lidii
476 4688 603 4756 Th⁰¹¹¹³⁸2
624 4692 688 4748 dum
698 4692 827 4763 palpavit,
843 4709 893 4749 cur
905 4694 931 4750 θὶ
981 4705 1104 4777 plumat
1124 4696 1269 4770 sequemini
1287 4694 1396 4764 vestigia
1419 4691 1484 4760 cjnr,
1511 4691 1557 4760 qni
1574 4699 1711 4760 peccatum
1725 4704 1778 4743 ιιοι

139 4781 256 4836 dicitur:
272 4782 342 4848 Quin
357 4783 443 4839 vidisti
465 4801 516 4850 mc,
536 4785 681 4852 credidisti,
705 4788 753 4842 sed
768 4787 840 4842 aliud
853 4787 931 4853 vidit,
982 4795 1053 4867 (ectr,
1068 4800 1121 4848 etc.
1139 4789 1189 4862 (Er
1208 4784 1303 4856 Beda.)
1320 4784 1406 4838 dardis
1420 4790 1522 4846 autem,
1541 4780 1666 4835 Christus
1680 4793 1779 4849 passus

139 4873 211 4928 aliud
238 4873 361 4930 credidit.
384 4874 407 4930 Α
430 4877 538 4933 mortali
551 4879 651 4948 qnippe
671 4879 781 4934 bomine
804 4878 933 4934 divinitas
981 4896 1024 4943 ese
1043 4900 1092 4956 pro
1114 4881 1201 4942 nobis,
1217 4887 1245 4933 et
1266 4877 1378 4949 gaudes,
1402 4875 1465 4944 quia
1480 4889 1530 4943 pro
1546 4881 1573 4927 tc
1589 4880 1716 4927 mortuus
1735 4878 1778 4928 en

138 4963 225 5022 *fideli
239 4983 293 5022 ¹¹⁰ss
305 4968 408 5037 P⁰l¹¹ib
432 4968 571 5024 homissssm
595 4969 678 5041 ῑιίῑιιῑ
697 4970 776 5035 lidii,
801 4976 830 5024 θῑ
843 4969 928 5024 Deum
982 4977 1117 5035 Christus.
1140 4970 1257 5027 attende
1275 4967 1347 5039 quod
1362 4966 1503 5035 sequitur:
1528 4963 1688 5035 delinquens
1701 4964 1778 5019 nelis

138 5055 279 5112 consessus
298 5058 463 5114 estdicens:
477 5059 607 5114 Poeninus
627 5076 699 5115 mena
719 5070 744 5116 et
765 5061 834 5116 bem
857 5077 930 5115 meus
982 5067 1149 5141 exemplam,
1175 5075 1203 5119 ιιι
1225 5061 1371 5135 sequemini
1394 5059 1501 5129 ocatiqie
1522 5058 1589 5128 ejus.
1615 5056 1778 5126 Exemplum

138 5149 276 5218 immi
288 5146 309 5220 i·
336 5148 458 5206 Vid⁰⁰d0
481 5165 548 5221 ⁰¹80
568 5150 701 5217 eredidit,
726 5150 771 5220 ‘1¹¹1
801 5151 932 5215 conside<
982 5158 1186 5216 tribulationum
1198 5167 1252 5208 non
1265 5149 1433 5215 deliciarum,
1448 5148 1687 5212 contumeliarum,
1700 5148 1778 5219 llagi·

139 5237 225 5293 rando
238 5238 386 5305 bominem,
406 5254 501 5295 rerum
521 5241 594 5296 bunc
613 5240 719 5307 Deum,
738 5256 819 5312 quern
839 5242 932 5299 ridere
982 5251 1093 5314 tiorum,
1112 5245 1245 5308 dolorum,
1268 5239 1486 5313 opprobriorum,
1502 5239 1658 5321 spinarum,
1672 5239 1777 5302 crucis,

138 5348 192 5387 ⁰⁰¹¹
209 5339 325 5399 P⁰iet³b
339 5331 512 5389 exclamantia
982 5339 1124 5393 vulnerum
1136 5332 1243 5389 mortis.
1262 5330 1292 5385 ln
1304 5328 1413 5385 Psalmo
1432 5329 1563 5398 scriptum
1579 5337 1640 5384 est:
1663 5327 1778 5399 Propter

172 5422 249 5478 [lecti
267 5424 312 5494 qni
326 5440 377 5479 non
393 5424 511 5481 ciderunt
531 5435 556 5481 et
572 5426 748 5481 crediderunt.
772 5425 801 5482 ln
821 5427 871 5483 hac
885 5426 928 5482 ni·
982 5427 1059 5482 uerbo
1085 5425 1215 5479 lubiorum
1238 5430 1364 5486 tenram,
1389 5436 1435 5490 eqo
1458 5419 1586 5472 custodivi
1612 5420 1667 5472 cirre
1692 5419 1777 5475 durna

138 5519 236 5571 animm
252 5518 386 5574 sententia
400 5533 450 5575 nos
471 5519 626 5590 specialiter
641 5517 739 5589 signati
762 5534 868 5584 snmus,
882 5519 929 5589 qui
983 5516 1069 5591 (Psoi.
1088 5516 1153 5586 rur).
1175 5514 1291 5583 Propter
1310 5525 1371 5582 quae
1385 5512 1467 5566 rerba
1482 5510 1614 5566 labiorum
1630 5510 1697 5576 Del.
1720 5512 1776 5568 nisi

137 5622 198 5660 earm
211 5623 290 5677 quem
304 5624 386 5666 carne
397 5624 451 5665 nean
461 5611 589 5676 vidimus,
602 5620 693 5666 mente
704 5614 860 5667 retinemus.
875 5609 930 5666 llos
982 5609 1079 5680 quibus
1091 5606 1224 5679 promittit
1237 5605 1321 5659 sitam
1335 5611 1474 5658 aetcrrram.

135 5696 234 5766 signati
253 5715 356 5766 sttruos,
371 5701 455 5758 sedai
469 5700 548 5758 lidem
564 5712 685 5758 nostram
699 5702 826 5771 operibns
840 5700 929 5770 sequi·
1020 5696 1072 5762 put
1083 5705 1190 5766 peccate
1210 5704 1299 5749 nostre
1313 5695 1368 5764 ipre
1385 5693 1491 5763 pertulit
1505 5695 1531 5748 in
1545 5710 1652 5767 corpere
1665 5712 1715 5750 san
1726 5712 1773 5751 ιιι-
