3810 6120
103 294 105 298 Ι
172 364 227 420 265
818 337 991 394 stitutum
1011 331 1155 389 annalis
1749 326 1800 380 pgr

191 474 267 530 nst-it
304 468 376 523 Bene
399 473 488 518 autem
509 461 562 523 ait,
586 456 728 527 deglutiens
743 461 862 507 mortun.
888 449 964 516 Quod
978 453 1003 509 Λ
1052 443 1212 515 Spiritaliter·
1225 443 1327 496 certium
1340 441 1501 510 predicaris.
1517 438 1612 493 lisdem
1627 438 1744 504 scilicet,
1756 442 1803 511 qui

173 495 247 622 {nim
265 513 439 631 deglutimus,
458 554 562 624 agimus
578 558 607 605 ut
622 550 722 602 uirtute
740 545 825 600 nostri
842 542 965 613 corporis
1017 537 1174 591 incarnatus
1188 534 1221 587 de
1234 531 1335 603 Spiritu
1350 539 1444 585 sancto
1456 539 1483 584 et
1499 527 1580 583 ilaris
1595 529 1709 599 uirgine,
1726 533 1805 586 nohis

174 657 343 720 assumptum
360 657 493 713 nusquam
513 646 617 711 pareat.
641 637 675 691 Et
690 634 831 706 deglutivit
849 640 964 688 mortem
1015 635 1108 697 postea
1127 625 1238 679 venicus
1256 622 1385 686 visibilis,
1404 621 1570 691 praedicant.
1590 620 1650 689 lpse
1669 629 1732 676 tunc
1752 621 1805 677 illis

174 741 322 802 Dominus,
345 748 426 805 quam
448 744 593 802 resurgens
613 744 627 782 a
649 726 763 782 mortuis
787 726 824 778 ita
844 723 965 777 funditus
1015 715 1142 786 spirando
1165 714 1323 785 spiritaliter
1342 710 1514 782 praedicabat.
1540 709 1652 765 Dicebat
1675 711 1748 765 euim
1771 713 1806 767 ad

171 828 350 899 consumpsit,
374 833 405 879 ut
426 823 493 878 nihil
513 827 607 876 contra
629 834 659 874 se
680 818 751 872 ultra
770 830 819 886 per
835 822 965 869 attactum
1015 805 1093 861 Noe:
1110 806 1171 861 Nou
1193 804 1353 877 pertransiit
1376 804 1484 874 spiritus
1505 817 1579 856 meus
1601 802 1630 855 lu
1652 802 1758 858 domiue
1777 805 1806 858 in

176 920 292 990 alicujus
306 915 487 988 corruptionis
500 912 654 976 ualeret,ac
669 915 793 964 manente
805 905 894 976 specie
908 903 965 957 ueri
1016 905 1158 960 eternum,
1173 896 1235 966 quin
1250 910 1311 948 curo
1333 903 1380 948 est.
1403 893 1436 948 Et
1457 892 1521 946 illud
1536 907 1543 945 ι
1564 891 1660 946 Delebo
1675 892 1807 948 hominem

175 1013 312 1084 corporis,
333 1012 440 1066 abesset
459 1019 571 1078 prorsus
584 1003 659 1057 labes
672 1000 760 1055 omnis
773 997 867 1069 priscae
880 993 965 1064 iragi-
1015 1001 1091 1057 quem
1105 987 1190 1039 creavi
1205 1003 1221 1038 ιι
1236 985 1304 1054 facie
1319 993 1415 1049 temo,
1434 983 1466 1037 ui
1484 983 1682 1053 inminensque
1695 985 1730 1038 ad
1745 987 1806 1040 uui-

176 1104 270 1158 litatis.
289 1100 366 1167 Quod
382 1099 470 1168 ipsum
491 1104 519 1150 et
540 1093 618 1149 nobis
632 1090 660 1145 in
676 1090 728 1144 line
741 1086 910 1160 promittitur
925 1082 966 1136 iu·
1016 1080 1131 1145 muntia,
1156 1096 1173 1133 u
1195 1077 1280 1148 reptili
1304 1094 1384 1147 usgue
1406 1076 1441 1132 od
1462 1075 1579 1130 uolucres
1602 1075 1676 1143 cccli,
1700 1079 1808 1148 poenitet

153 1226 156 1234 ·
176 1202 287 1256 turum,
313 1189 419 1244 dicento
437 1185 576 1257 apostolo,·
597 1197 658 1236 cum
679 1181 712 1235 de
732 1185 825 1233 nostra
842 1187 965 1230 resurre-
1003 1170 1086 1235 ,enim
1105 1185 1146 1222 me
1164 1167 1256 1236 iecisse
1274 1183 1327 1221 eos.
1347 1166 1414 1222 item
1434 1167 1501 1221 dixit
1519 1165 1649 1222 Dominus
1668 1169 1702 1222 ati
1725 1167 1807 1223 Noc:

174 1285 264 1338 ctione
282 1283 456 1352 loqueretur:
474 1278 546 1332 Tune
559 1277 605 1346 fiet
622 1289 706 1328 sermo
720 1271 765 1343 qui
779 1275 893 1338 scriptus
907 1274 965 1321 est:
1017 1255 1042 1308 F
1043 1258 1094 1312 ιἰἱι
1115 1257 1243 1310 titivm
1266 1256 1353 1310 carnit
1376 1256 1444 1310 uenit
1466 1272 1554 1311 cmm
1575 1273 1627 1310 me·
1647 1256 1753 1328 Restitit
1768 1267 1809 1313 0⁸¹

175 1374 304 1445 51,me
318 1381 357 1426 332
370 1388 440 1425 mo„
458 1372 486 1423 ιη
499 1369 609 1423 victoria
625 1364 651 1438 (l
664 1361 726 1418 Cor.
739 1361 796 1432 su).
826 1361 896 1414 Bone
917 1357 965 1411 ab·
1016 1359 1087 1403 terro
1100 1349 1248 1419 iniquitute,
1263 1358 1287 1402 et
1299 1365 1345 1419 ego
1358 1348 1509 1418 disperdam
1524 1365 1568 1403 eos
1582 1365 1640 1403 cunt
1654 1359 1735 1404 terra.
1751 1348 1775 1403 F
1776 1367 1811 1405 ac

175 1474 287 1534 mmm,
314 1463 377 1531 quia
400 1476 461 1516 cum
487 1468 514 1513 eg
538 1474 589 1512 „05
606 1457 668 1510 ,Μ
691 1463 799 1510 aegemae
823 1451 967 1521 participes
1016 1438 1064 1491 tibi
1075 1453 1165 1491 orcum
1175 1439 1208 1491 de
1220 1436 1298 1503 liguis
1311 1436 1512 1508 levigatis,etc.
1530 1437 1612 1510 (Cen.
1626 1455 1652 1495 ιι
1662 1439 1682 1510 l.

177 1554 308 1608 fuerimus
322 1550 429 1614 eflecti,
453 1538 490 1603 ἢ,
506 1547 633 1602 mmmm
649 1546 735 1598 ,mus
752 1539 901 1610 corporalis
914 1539 965 1592 rm.
1051 1527 1104 1593 Qui
1121 1527 1249 1582 increduli
1267 1528 1371 1597 [uerunt
1383 1528 1537 1600 aliquando,
1553 1530 1738 1601 exspectabunt
1750 1531 1810 1585 Do·

178 1640 369 1704 mortalitatis,
394 1651 473 1692 omne
494 1633 640 1705 puntentur
659 1629 841 1700 corruptionis
862 1640 966 1681 naevum
1015 1620 1081 1673 mini
1098 1620 1261 1689 potientium.
1281 1618 1388 1684 idest,
1410 1620 1455 1690 qui
1474 1628 1537 1675 aute
1556 1621 1688 1677 increduli
1707 1630 1808 1688 erant,

178 1730 269 1792 tollet,
292 1728 427 1798 quomodo
444 1726 513 1780 solet
530 1723 637 1777 llamma
658 1721 728 1791 ignis
749 1720 897 1773 immissam
915 1715 965 1770 sibi
1019 1713 1158 1767 urdieutes
1183 1711 1239 1766 Noe
1265 1712 1478 1783 praedicantem,
1503 1726 1535 1766 ea
1562 1727 1623 1782 quse
1649 1727 1665 1766 a
1692 1711 1810 1770 Domino

179 1835 256 1889 aquae
270 1827 372 1889 guttam
386 1816 491 1871 ardoris
504 1829 546 1868 sur
559 1826 718 1877 consumere
731 1811 841 1863 uirtute.
981 1807 1002 1864 B
1017 1802 1138 1867 audiens,
1155 1809 1312 1873 3111111111,
1327 1811 1355 1856 el
1367 1803 1490 1858 uidentes
1505 1818 1576 1859 11111111
1591 1801 1739 1867 1111111111»
1756 1819 1809 1874 Dii

411 1919 476 1960 ιτιιι
496 1918 556 1958 nuru
576 1915 726 1956 arnostum.
1017 1900 1126 1947 centurn
1145 1907 1294 1958 annorum,
1309 1893 1470 1964 protendere
1488 1902 1595 1963 tempus
1613 1894 1809 1959 crediderunt,

211 1986 330 2052 Christus
350 1994 428 2051 semei
450 2011 497 2065 pro
518 1992 631 2064 peccatis
655 1990 751 2045 nostris
775 1996 894 2042 tnortuus
917 1996 964 2039 est.
1017 1995 1207 2057 exspectantes
1219 1984 1326 2041 Domini
1341 1987 1516 2057 patientiam,
1532 1996 1560 2043 et
1580 1987 1648 2042 salui
1664 1985 1728 2044 iacti
1745 1997 1813 2044 sunt

177 2086 264 2144 seruet
277 2095 366 2140 autem
381 2086 460 2148 dixit,
474 2083 537 2153 quia
552 2080 677 2137 Christus
689 2095 798 2149 surgens
820 2095 836 2130 a
855 2077 966 2130 mortuis
1018 2079 1044 2132 in
1061 2093 1135 2132 arca.

173 2183 231 2252 jum
250 2196 301 2233 non
316 2180 439 2244 moritur,
457 2187 481 2231 et
496 2192 565 2230 mors
580 2174 619 2226 illi
634 2173 705 2225 ultra
723 2187 775 2225 non
788 2169 967 2224 dominabitur
1054 2169 1087 2224 lu
1099 2186 1150 2240 guo
1162 2170 1255 2241 pauci,
1271 2170 1362 2250 idest,
1378 2177 1436 2223 octo
1451 2169 1547 2223 unimoe
1561 2168 1640 2224 salute
1653 2167 1732 2239 [astte
1745 2181 1811 2226 sunt

178 2269 267 2340 (Rom.
278 2268 327 2340 u).
1017 2275 1062 2328 per
1081 2275 1187 2329 uquam.
1206 2259 1234 2314 ld
1255 2267 1297 2314 est
1310 2267 1427 2328 quatuor
1439 2258 1507 2325 riri,
1522 2257 1595 2324 Noe,
1611 2258 1689 2322 Sem,
1704 2259 1810 2324 Cham,

212 2361 316 2416 iustus.
335 2360 374 2414 lili
394 2359 465 2413 eninr
484 2355 628 2412 Psalmista
647 2353 732 2408 dicit:
749 2350 843 2404 iustus
857 2366 893 2412 es,
913 2347 966 2401 Do·
1017 2356 1044 2404 et
1055 2347 1186 2417 iapheth,
1202 2358 1230 2403 et
1244 2359 1359 2418 quatuor
1373 2365 1471 2404 uxores
1484 2364 1592 2418 eorum,
1609 2350 1709 2417 idest,
1723 2351 1813 2407 Puar·

176 2455 265 2517 mine,
292 2461 316 2507 et
342 2459 440 2505 rectum
457 2448 589 2519 judicium
611 2454 684 2499 tuum
698 2441 784 2516 (Psoi.
799 2438 904 2511 ιιιιιι).
933 2438 967 2493 Ει
1017 2439 1090 2505 iura,
1106 2441 1208 2504 Parim,
1225 2441 1368 2507 Catailuia,
1382 2441 1468 2497 Fluia.

176 2543 270 2598 Daniel
281 2543 318 2597 ait
329 2561 335 2594 ι
346 2540 379 2595 Ει
392 2540 448 2605 tiii,
460 2538 580 2599 Domine,
590 2536 708 2607 justitio,
721 2534 795 2588 nolis
806 2541 892 2586 autem
904 2546 967 2586 con·
1052 2533 1106 2606 (Ea
1120 2533 1198 2605 latu.)
1218 2533 1273 2589 Noe
1295 2549 1373 2600 uero,
1397 2536 1443 2606 otri
1469 2534 1577 2605 requies
1602 2531 1810 2609 iuterpretatur,

178 2634 247 2703 [rasio
261 2633 339 2702 faciei
353 2631 433 2704 (Dan.
447 2632 497 2702 ιι).
1016 2623 1152 2679 Christum
1176 2624 1323 2696 significat,
1344 2626 1389 2695 qui
1409 2625 1492 2680 dicit:
1519 2624 1617 2683 Discite
1635 2645 1653 2685 ι
1668 2642 1727 2693 me,
1747 2628 1813 2700 guia

212 2724 267 2779 Pro
281 2724 395 2794 injustis.
416 2723 454 2778 De
470 2722 549 2777 nobis
562 2720 634 2777 enim
650 2716 744 2773 Daniel
760 2716 818 2770 uit:
836 2712 965 2769 Peccaui·
1015 2716 1086 2769 miu's
1108 2731 1181 2776 sum,
1203 2723 1227 2769 et
1249 2715 1355 2769 humilis
1377 2715 1472 2781 corde,
1495 2725 1519 2769 et
1541 2716 1677 2772 inuenietis
1696 2717 1813 2788 requiem

177 2828 247 2877 mus,
263 2812 361 2882 injuste
374 2812 488 2882 egimus,
503 2810 674 2880 iniquitatem
688 2806 801 2862 fecimus
815 2804 896 2876 (Dan.
909 2802 963 2874 ur).
1015 2808 1153 2862 animabus
1165 2807 1265 2862 aestus.
1287 2806 1366 2862 Solus
1385 2807 1522 2862 inuenitur
1535 2805 1626 2877 iustus
1644 2806 1700 2865 Noe
1717 2808 1746 2862 in
1766 2808 1814 2863 ilia

214 2902 247 2958 Ul
268 2920 315 2958 ιιι
331 2904 437 2973 offerret
461 2903 526 2967 Det),
554 2900 725 2970 m⁰i¹⁵l5⁶t¹⁰⁸
748 2897 852 2968 1111111111
874 2912 963 2959 cittii-'2
1015 2908 1111 2970 gente,
1126 2901 1169 2956 cui
1188 2909 1290 2970 septem
1310 2899 1434 2955 homines
1454 2899 1589 2955 donantur
1607 2907 1717 2971 propter
1730 2899 1816 2970 justi·

177 2992 319 3061 uiuificutes
345 3002 434 3045 uatem
463 2992 567 3062 spiritu.
599 2990 651 3060 (Ex
674 2987 755 3059 ling.)
791 2985 964 3054 llortilicuws
1015 2991 1079 3044 tiam
1095 3006 1182 3046 suam.
1203 2989 1282 3045 Solus
1303 2989 1393 3059 justus
1413 2998 1456 3044 est
1477 2988 1617 3056 Christus,
1640 2990 1684 3044 cui
1707 2997 1813 3060 septem

177 3098 257 3138 corne
269 3084 352 3138 dicit:
370 3082 395 3136 id
410 3090 461 3148 est,
472 3081 604 3136 desideria
618 3079 737 3134 carnalia
752 3093 806 3133 non
819 3076 960 3142 habentes,
1015 3083 1156 3149 Ecclesia,
1170 3089 1281 3153 propter
1294 3081 1496 3151 septemplicem
1512 3081 1637 3152 spiritum
1658 3079 1816 3136 illuminsn.

180 3175 214 3228 ad
240 3188 320 3242 qnam
341 3171 576 3227 mortificationem
603 3185 653 3225 nos
681 3169 781 3224 Paulus
805 3169 964 3223 adhortatur
977 3151 1000 3213 C
1016 3187 1088 3239 aem,
1103 3174 1130 3228 iu
1145 3188 1225 3228 unam
1240 3172 1403 3238 Ecclesiam,
1418 3171 1495 3241 quasi
1508 3172 1535 3226 in
1547 3187 1629 3226 unam
1643 3185 1735 3227 arcam
1747 3186 1815 3228 cor·

178 3261 287 3318 dioens:
306 3260 463 3330 llortificme
482 3262 597 3317 membru
615 3271 711 3326 uestro,
731 3278 790 3333 pure
808 3269 869 3316 sunt
888 3277 965 3332 super
1016 3266 1124 3322 dantur.
1139 3265 1216 3332 Quod
1231 3279 1322 3319 arcam
1339 3264 1536 3320 instruxitlioe
1551 3265 1583 3320 de
1598 3264 1678 3336 lignis
1691 3280 1748 3320 non
1761 3280 1815 3335 pu·

178 3361 293 3416 terrum,
318 3350 516 3422 fornicationem
533 3348 602 3424 (Col.
616 3351 810 3422 rur),etomnia
829 3351 904 3406 uitia.
933 3351 966 3406 Et
1018 3355 1208 3423 crescentibus,
1224 3354 1371 3410 Ecclesiam
1392 3353 1541 3424 siguificat,
1563 3368 1623 3424 quse
1642 3355 1817 3410 construitur
1866 3403 1871 3412 .

179 3439 262 3494 illud:
281 3438 312 3494 Si
326 3441 420 3510 spiritu
435 3441 506 3510 iaetu
524 3440 612 3494 curuis
630 3440 861 3509 mortificaveritis,
876 3439 965 3494 uinetis
1017 3446 1155 3503 acinisro
1172 3447 1205 3501 de
1226 3444 1382 3500 hominibus
1402 3444 1430 3498 in
1444 3452 1576 3500 aeternum
1596 3444 1719 3500 victuris.
1740 3444 1815 3501 Area

178 3528 268 3600 (nau.
281 3530 353 3601 unt).
369 3530 426 3585 hisi
439 3531 511 3584 enim
525 3531 600 3601 prius
614 3539 724 3599 peccato
738 3530 896 3594 moriamur,
911 3545 965 3585 non
1017 3538 1088 3592 enim
1109 3536 1256 3591 Ecclesiam
1275 3536 1456 3594 demonstrat.
1470 3546 1532 3592 oute
1551 3542 1629 3589 natat
1641 3534 1670 3589 in
1683 3533 1816 3591 ductibus

178 3617 712 3687 possuntusperpmuranvaerebro.
729 3618 912 3685 Quotation
927 3618 967 3673 ut·
1018 3627 1109 3682 mundi
1133 3627 1221 3697 nurus.
1240 3625 1407 3681 sicutenim
1431 3625 1570 3683 runcum
1595 3639 1657 3681 cour
1680 3626 1816 3696 sniapes

142 3740 145 3746 -
178 3706 483 3777 citririficotosspiu'tu,
494 3708 813 3778 intelligituruiuiiicatos
824 3709 852 3763 in
865 3709 965 3773 anima,
1018 3734 1115 3789 aqum
1130 3727 1158 3775 ea
1177 3719 1279 3790 lignum
1299 3718 1489 3789 salemensem,
1507 3722 1549 3778 ,ιο
1566 3730 1594 3777 er
1619 3732 1690 3774 nunu
1708 3717 1815 3774 ramilis

179 3795 268 3849 anima
288 3796 361 3851 euim
384 3797 497 3868 spiritus
520 3799 688 3870 intelligitur.
717 3799 780 3854 Sive
795 3799 967 3856 mortificatio
1018 3809 1117 3863 Christi
1132 3823 1181 3881 pet
1193 3808 1356 3877 baptismum
1376 3813 1404 3862 et
1422 3809 1513 3864 eruum
1528 3807 1683 3879 passionem
1704 3807 1816 3864 maran.

179 3886 279 3950 oeruis,
294 3895 320 3941 et
333 3886 479 3944 vivificatio
492 3889 613 3958 spiritus,
629 3890 656 3944 iu
669 3891 803 3961 baptismo
817 3890 874 3946 heri
890 3892 968 3947 intel·
1019 3909 1072 3954 rur.
1088 3899 1206 3954 undeet
1218 3898 1261 3953 hic
1275 3897 1398 3952 subditur
1413 3915 1420 3951 ι

178 3975 281 4047 ligitur.
302 3977 472 4033 liorteeuim
487 3978 589 4034 Christi
603 3981 784 4050 baptizamur.
805 3981 834 4036 ln
850 3981 896 4036 illa
910 3983 969 4038 sine
1054 3989 1131 4055 Quos
1150 3997 1174 4043 et
1193 4005 1236 4043 uos
1255 4005 1323 4042 nunc
1342 3988 1434 4042 similis
1454 3988 1546 4057 [ormo
1569 3986 1655 4042 saluos
1674 3985 1740 4057 iacit
1762 3986 1814 4041 ie·

179 4068 260 4122 dubio
275 4076 376 4134 morte,
392 4082 444 4138 qua
459 4079 571 4138 peccato
586 4079 709 4126 mortuus
725 4080 766 4126 est
781 4073 879 4139 semel,
896 4082 926 4128 ut
941 4082 969 4130 et
1018 4080 1123 4151 prisma.
1140 4079 1208 4146 Quia
1223 4079 1291 4135 sicut
1309 4088 1373 4134 tune
1394 4094 1464 4149 aqua
1485 4093 1534 4134 eos
1552 4078 1597 4148 qui
1614 4078 1642 4133 iu
1655 4092 1720 4134 arcs
1731 4087 1816 4133 eraut

178 4174 228 4214 nos
241 4175 399 4230 separemur
411 4177 426 4214 a
438 4171 562 4230 peccato,
577 4171 605 4218 et
617 4164 740 4220 uiuamus
753 4165 819 4221 Deo.
1019 4169 1150 4234 saluauit,
1169 4169 1207 4223 ita
1224 4176 1253 4223 et
1271 4184 1343 4223 nunc
1361 4183 1424 4233 eos,
1444 4168 1490 4237 qui
1510 4167 1537 4221 in
1556 4167 1690 4222 Ecclesia
1704 4167 1816 4223 unitate

214 4250 268 4323 (lic
282 4251 415 4325 Cassiod.)
434 4253 521 4308 Aliter
533 4255 703 4325 mortificatos
724 4273 819 4323 carue,
842 4273 877 4313 ne
895 4258 968 4314 litte·
1020 4270 1196 4334 permanent,
1221 4260 1334 4317 delendo
1357 4268 1470 4330 peccata
1488 4259 1639 4330 baptismus
1655 4267 1813 4315 ιιιιιιιιιι.

179 4357 237 4395 ram
256 4342 324 4413 legis
337 4343 482 4399 carnaliter
496 4346 690 4414 intelligamus.
711 4346 861 4417 l'iuifieotos
879 4358 969 4404 auteur
1021 4357 1055 4411 Ει
1072 4356 1142 4411 sicut
1162 4363 1225 4410 tunc
1244 4354 1290 4423 qui
1308 4361 1386 4408 extra
1402 4367 1494 4407 arcam
1509 4364 1589 4408 erant
1600 4351 1760 4422 pedetnnt,
1775 4351 1815 4407 ita

178 4433 281 4500 spiriu,
292 4434 320 4487 id
331 4443 383 4497 est,
394 4435 572 4502 spiritualiter
585 4453 695 4492 sensum
710 4438 776 4508 legis
789 4439 969 4510 intelligentes
1021 4451 1049 4498 et
1062 4456 1148 4506 nuuc,
1163 4441 1209 4510 qui
1222 4448 1300 4495 extra
1315 4438 1465 4494 Ecclesiam
1478 4445 1545 4492 sunt
1556 4436 1694 4507 peribunt.

178 4521 310 4577 uiuamus.
331 4523 389 4578 Non
402 4524 475 4577 enirn
491 4525 591 4579 idcirco
605 4541 653 4580 nos
665 4527 790 4582 Christus
803 4528 937 4583 abstraxit
952 4546 967 4582 a
1056 4534 1117 4589 Non
1134 4534 1222 4588 carnis
1240 4531 1367 4602 depositio
1385 4530 1513 4586 sordium.
1533 4529 1632 4596 idest,
1648 4542 1705 4585 nou
1718 4528 1814 4598 bapti·

179 4609 238 4681 lege
251 4612 370 4680 peccati,
391 4620 420 4666 ut
434 4614 561 4668 uetustati
575 4613 672 4669 litterae
685 4617 851 4682 serviamus,
866 4618 893 4672 id
910 4626 967 4682 est,
1017 4642 1092 4692 rma,
1116 4625 1188 4695 quod
1208 4623 1303 4680 sordes
1324 4622 1433 4693 deponit
1454 4621 1562 4686 caruis,
1584 4620 1634 4676 sed
1654 4620 1729 4690 quod
1753 4634 1815 4675 ma·

179 4706 210 4752 ut
228 4701 461 4756 circumcisionem
477 4703 656 4772 recipiamus,
673 4713 701 4758 et
715 4706 841 4770 sabbata,
859 4707 900 4762 vel
913 4723 968 4762 ιιι-
1017 4717 1092 4772 ρῃιι,
1118 4715 1191 4770 lavat
1211 4714 1321 4769 mensis,
1344 4713 1481 4784 Baptisms
1503 4711 1578 4767 enim
1600 4709 1705 4767 abluam
1724 4711 1816 4767 inm.

180 4796 253 4852 tera,
272 4805 332 4859 quae
343 4799 449 4846 vetusta
463 4791 531 4863 legis
544 4792 635 4847 littera
648 4795 778 4850 continet.
805 4794 858 4850 Sed
873 4804 903 4850 ut
918 4796 970 4867 legi
1017 4810 1143 4877 pretatur
1155 4805 1198 4860 nel
1214 4806 1320 4860 tinctio.

120 4925 125 4935 .
180 4877 226 4933 Dei
240 4880 266 4933 in
280 4881 519 4949 spiritusnoritate
530 4885 690 4949 serviamus,
701 4886 727 4940 id
737 4895 791 4951 est,
800 4901 834 4941 es
844 4888 969 4944 omnibus
1058 4894 1110 4950 sed
1124 4896 1290 4949 conscientie
1304 4893 1378 4948 ione
1391 4892 1562 4963 iuterrogatio
1576 4893 1604 4947 iu
1617 4891 1712 4946 bau.
1726 4890 1817 4948 inter·

180 4986 240 5040 quau
254 4973 280 5027 111
293 4988 326 5026 111
339 4976 436 5045 scribit
456 4984 533 5043 111111,
554 4977 703 5049 1111111ιί111]
717 4992 842 5044 tensum,
864 4980 966 5049 Spiritu
1021 4986 1125 5054 rogatio
1136 4986 1209 5041 enim
1221 4985 1368 5041 sacerdotis
1380 4991 1440 5039 est:
1455 4982 1549 5039 Credis
1564 4983 1591 5037 in
1604 4982 1691 5037 Deum
1702 4980 1816 5040 Putrem

179 5061 305 5124 donante,
320 5063 469 5132 capiamus.
1020 5079 1251 5147 omnipotentem,
1264 5084 1293 5132 et
1306 5075 1333 5130 in
1348 5073 1440 5130 iesum
1460 5073 1597 5130 Christum
1617 5072 1716 5129 filiurn
1737 5072 1815 5143 eius,

214 5143 252 5204 De
265 5150 372 5208 Christo
385 5156 486 5210 dictum
500 5167 562 5213 est:
579 5158 757 5228 Mortificatus
771 5177 865 5226 corne,
881 5163 965 5228 uicini·
1020 5179 1048 5224 et
1061 5169 1089 5223 in
1103 5167 1233 5238 Spiritum
1247 5165 1389 5222 sanctum?
1407 5165 1557 5234 Responsio
1575 5172 1667 5220 aulem
1685 5166 1769 5222 bona
1786 5175 1817 5222 et

178 5253 253 5299 satus
266 5244 371 5314 spiritu.
385 5245 432 5302 Sic
446 5248 478 5304 de
491 5251 601 5306 homine
613 5252 666 5307 dici
679 5260 788 5323 potest:
804 5253 967 5310 Tabeiactus
1020 5246 1152 5329 simplicis
1174 5257 1348 5314 conscientie
1370 5263 1432 5311 est:
1459 5253 1563 5320 Credo,
1586 5270 1648 5325 quar
1671 5257 1817 5325 responsio

178 5346 276 5399 carne,
287 5332 469 5403 justificatus,
483 5337 634 5395 vivificatus
647 5342 753 5412 spiritu.
1021 5349 1158 5404 hominem
1174 5346 1281 5411 salvat,
1295 5352 1322 5400 et
1337 5347 1372 5401 ab
1384 5353 1486 5400 aterno
1502 5344 1616 5402 interitu
1630 5344 1740 5402 liberet.

213 5422 246 5477 Ιιι
258 5440 319 5494 quo.
336 5423 512 5493 Subauditur,
527 5429 554 5484 iu
569 5446 622 5501 qtro
636 5431 748 5501 spiritu,
763 5433 790 5487 in
803 5434 849 5488 illu
863 5433 967 5490 scilicet
1054 5435 1108 5492 Per
1121 5440 1335 5492 resurrect'onem
1346 5435 1453 5489 Domini
1466 5435 1549 5490 uouri
1561 5434 1626 5490 Ιιιιι
1638 5431 1758 5500 Christi,
1768 5435 1818 5508 gni

179 5516 280 5584 dequo
294 5515 418 5585 superius
432 5518 517 5574 dicit:
539 5518 690 5589 vivificatos
702 5532 789 5576 autem
803 5524 909 5594 spiriru.
1017 5536 1055 5581 est
1069 5528 1097 5581 in
1109 5528 1217 5580 dexteru
1230 5525 1289 5579 Dei.
1310 5524 1343 5581 llt
1364 5523 1449 5579 illud:
1466 5523 1628 5581 liesurrexit
1641 5539 1658 5579 a
1677 5526 1815 5592 mortuis,

214 5606 247 5658 Et
266 5607 307 5662 his
320 5608 365 5678 qui
382 5610 410 5665 in
428 5625 532 5666 earcere
550 5622 635 5667 oraru.
656 5612 682 5667 ld
702 5621 759 5679 est,
776 5614 802 5667 in
822 5630 901 5679 arua,
923 5615 963 5669 rol
1016 5617 1137 5673 ascendit
1152 5617 1178 5670 in
1193 5613 1427 5677 c·rlum.setletad
1436 5615 1560 5671 dextram
1573 5615 1635 5680 Det,
1649 5631 1713 5686 trun
1725 5617 1817 5674 sessio

179 5697 205 5752 in
220 5701 340 5768 corporis
353 5717 461 5758 carcere
475 5702 500 5757 ci
510 5704 569 5759 ursi.
1015 5705 1194 5777 mortalitatem
1210 5706 1351 5776 potestatis
1367 5705 1424 5774 rjtrs
1439 5720 1499 5761 cunr
1513 5704 1594 5762 Putre
1607 5705 1756 5778 siguificat.
