3810 6120
126 278 180 339 itit
768 274 948 333 sitantum
966 272 1112 331 ABBthS
1711 276 1767 333 aaa

126 399 215 456 ctibus
236 397 263 452 in
285 395 453 453 monumenti
468 394 585 452 claustra
601 391 766 454 abscondor,
782 401 810 446 et
823 391 920 447 itcntm
933 393 960 451 Λ
972 390 1069 444 molior
1088 399 1153 445 nato
1170 390 1196 445 in
1218 392 1289 447 betae
1303 389 1432 446 mundum
1456 391 1565 447 ltotninc
1584 389 1710 455 laetatur,
1730 393 1771 447 ita

127 499 189 562 post
209 490 358 555 modicum,
378 488 517 544 destructo
541 485 638 540 mortis
653 483 776 553 imperio,
792 481 869 536 vobis
883 480 924 534 in·
975 480 1095 536 Ecclesia
1123 492 1186 536 natu
1209 482 1236 538 iu
1262 482 1486 559 vitamluturam
1514 482 1635 539 bdelium
1660 485 1769 555 populo.

129 583 246 638 tuendus
260 595 386 651 appareo,
401 580 463 648 qttia
485 587 592 648 tempus
617 583 668 639 est,
695 583 725 629 ut
744 572 850 644 expleta
870 571 925 627 dis·
975 572 1058 643 digna
1072 573 1255 629 exsultatione
1268 575 1396 644 repletur,
1415 590 1464 646 pro
1481 590 1534 644 qua
1555 573 1613 643 ejus
1631 576 1774 631 nativitate

128 672 287 744 pensatione
307 678 453 740 assumptae
475 667 659 730 mortalitatis,
674 681 736 721 cum
752 664 927 719 resurrectio
976 661 1226 719 moltumlaborans
1239 668 1266 718 et
1277 679 1386 735 gemens
1401 664 1428 719 ia
1442 666 1579 735 praesenti,
1590 664 1668 735 attasi
1681 674 1776 737 partu·

130 766 172 819 nis
196 763 334 833 triumpho
351 761 409 831 jam
431 767 554 816 revertar
578 759 613 814 ad
631 756 750 813 Patrem.
772 755 836 812 llaec
860 770 925 811 vero
976 751 1049 807 ricus
1060 753 1140 809 dolet.
1156 752 1210 809 Nec
1224 770 1322 809 novum
1336 754 1416 809 debet
1429 755 1526 825 cuique
1540 754 1638 822 videri,
1656 757 1776 814 sinatus

129 853 213 907 cerba
228 850 353 914 pomini,
377 859 407 905 m
420 848 491 915 (1111,
506 850 560 906 illis
578 849 734 921 speciatim,
750 846 795 919 qui
809 842 868 916 ejus
881 861 924 901 ra·
976 840 1085 908 dicitur,
1100 843 1147 913 atti
1166 858 1201 898 cx
1215 845 1267 899 bac
1281 843 1335 898 vita
1350 843 1517 914 migraverit.
1544 844 1685 917 Quomodo
1699 847 1774 903 euim

131 947 329 1003 surrectionem
342 946 435 1000 ridere
450 952 598 1017 potuerunt
610 940 784 1007 conueniunt,
796 954 929 1012 qoaeapo-
977 945 1105 990 consuete
1126 936 1200 991 nasci
1222 936 1337 1002 dicitur,
1361 951 1423 992 eunt
1442 937 1504 1007 quis
1519 938 1552 993 de
1574 946 1653 994 utero
1677 942 1775 994 matris

131 1043 192 1099 stoli
221 1049 285 1097 tunc
308 1041 438 1112 temporis
461 1056 513 1095 non
535 1047 682 1110 potuerunt
703 1037 863 1107 intelligere.
893 1034 928 1089 Et
977 1031 1127 1100 procedens
1139 1032 1210 1088 hanc
1224 1033 1250 1088 in
1266 1030 1353 1088 lucem
1368 1034 1512 1104 ngreditur,
1529 1035 1566 1089 ita
1581 1036 1663 1091 otiam
1676 1037 1776 1094 rectis-

132 1136 204 1191 hanc
216 1133 321 1189 illorum
342 1133 521 1205 ignorantiam
542 1134 604 1204 plus
620 1131 752 1204 magister
764 1129 926 1203 intelligens,
978 1124 1045 1179 sime
1062 1128 1152 1193 potest
1171 1131 1250 1180 natus
1269 1124 1414 1195 appellari,
1439 1126 1485 1195 qui
1506 1125 1608 1180 solutus
1628 1126 1778 1184 avinculis

133 1229 331 1296 subsequenter
347 1226 495 1281 secundum
508 1224 605 1279 anitum
616 1221 723 1278 illorum
734 1216 929 1278 dubitationem
978 1214 1069 1270 carnis
1079 1214 1112 1268 ad
1124 1211 1212 1269 lucem
1227 1214 1391 1269 sublimatur
1404 1223 1550 1281 mierum,
1563 1216 1635 1270 unde
1648 1230 1708 1273 mos
1726 1217 1776 1274 ob·

133 1317 280 1388 respondit,
301 1316 379 1385 quasi
394 1314 566 1385 expositurus
579 1311 644 1384 quid
658 1321 741 1376 essct,
754 1311 826 1382 quod
838 1310 926 1366 dixit:
980 1306 1059 1360 tinuit
1071 1304 1315 1371 ecclesiasticus,ut
1329 1304 1386 1360 dies
1401 1305 1541 1360 beatorum
1555 1314 1708 1376 martyrum
1718 1308 1777 1361 sive

135 1407 270 1462 tiodienm
282 1416 307 1461 et
323 1423 374 1460 non
389 1405 509 1460 videbitis
530 1421 586 1469 nte,
599 1413 624 1458 et
644 1406 739 1457 iterum
752 1400 885 1456 modicam
905 1410 929 1454 et
979 1393 1163 1452 conlcssontm
1180 1394 1300 1461 illinisti,
1316 1394 1414 1464 quihus
1426 1395 1458 1449 dc
1476 1395 1575 1450 sacculo
1594 1392 1774 1460 transierunt,

136 1501 254 1556 ,pappam
269 1517 319 1554 me,
979 1487 1084 1543 natales
1115 1487 1283 1563 vocitemus,
1303 1501 1452 1557 eorumque
1476 1486 1607 1543 solemnia
1624 1503 1678 1543 non
1698 1484 1778 1544 lune·

87 1635 94 1647 .
170 1590 295 1663 Copnorit
308 1608 369 1662 erpo
390 1590 469 1645 lesus
486 1591 549 1661 puin
560 1588 677 1646 colebant
689 1605 748 1642 enm
759 1587 929 1658 interrogate,
979 1579 1050 1643 bria,
1065 1577 1113 1633 ⁵0³
1125 1570 1248 1633 natifilii
1267 1578 1403 1634 dicamur·
1422 1576 1456 1634 El
1468 1590 1517 1634 V⁰³
1532 1573 1615 1651 igilur
1627 1593 1702 1634 nunc
1716 1580 1777 1650 nat-

134 1693 159 1737 et
173 1681 240 1737 diaria
250 1683 288 1735 eie
302 1680 551 1753 :Deltoeqaneritia
564 1677 836 1750 intersaepiebat
849 1693 858 1730 .·
873 1675 931 1729 Μο-
982 1670 1043 1725 uem
1056 1668 1196 1724 tristitiam
1210 1669 1329 1734 habetis,
1345 1669 1444 1725 iterum
1459 1678 1550 1725 autem
1562 1668 1658 1725 videbo
1674 1685 1735 1737 vos,
1749 1680 1780 1727 et

134 1773 223 1826 dicum
237 1780 260 1826 et
276 1788 327 1825 non
350 1770 468 1825 uidebitis
482 1786 540 1834 me,
557 1781 581 1824 et
595 1770 689 1824 iterum
706 1767 836 1822 modicam
851 1776 875 1820 ct
892 1767 929 1819 ai·
943 1750 967 1810 B
980 1759 1106 1831 gaudebit
1127 1775 1175 1816 cor
1193 1769 1331 1824 vestrum,
1355 1767 1383 1815 et
1405 1759 1531 1832 gaudium
1552 1766 1671 1815 vestrum
1691 1775 1776 1817 nemo

134 1863 229 1918 deditis
242 1878 291 1915 nte.
316 1860 399 1914 Arnen
416 1874 493 1914 auten
510 1860 569 1914 dico
583 1859 668 1933 nohis,
683 1858 745 1929 quin
758 1854 894 1928 plorabitis
907 1865 931 1910 et
981 1849 1082 1906 toilcta
1099 1852 1186 1906 nobis.
1206 1849 1282 1917 Quod
1295 1851 1328 1906 de
1342 1851 1408 1922 ipsis
1421 1850 1529 1922 quidem
1544 1846 1684 1921 discipulis
1697 1848 1780 1907 lacilo

134 1952 230 2024 flebitis
244 1967 299 2017 cos,
314 1950 428 2004 mundns
438 1960 525 2004 autent
535 1946 657 2021 gaudebit
665 1966 675 2014 ,·
684 1965 728 2003 uos
741 1956 827 2001 autent
837 1947 932 2001 contri·
981 1940 1154 2014 intelligitur,
1170 1940 1232 2012 aula
1246 1942 1385 2000 tristitiam
1400 1943 1564 2011 habitarunt,
1586 1959 1668 2016 passo
1680 1959 1716 2001 ao
1730 1959 1779 2003 se·

134 2041 278 2106 arabimini,
292 2050 344 2096 etc.
361 2038 419 2095 lloc
431 2049 458 2095 et
470 2041 590 2111 ipsorum
602 2047 629 2094 et
644 2036 727 2094 totius
740 2036 931 2092 Ecclesiaste·
981 2033 1056 2105 pulta
1084 2035 1219 2100 Domino,
1245 2037 1293 2091 sed
1316 2045 1425 2106 peracta
1451 2030 1659 2093 resurrectionis
1680 2032 1779 2109 gloria,

136 2133 174 2186 tui
188 2131 324 2202 congruit.
349 2129 496 2185 Plorabant
516 2130 616 2201 quippo
635 2138 662 2204 et
684 2127 784 2182 flebant
797 2136 932 2182 amatores
981 2126 1065 2196 gavisi
1081 2136 1144 2182 sunt
1158 2128 1215 2183 viso
1240 2127 1363 2184 Domino.
1386 2128 1421 2184 Et
1439 2124 1566 2201 gaudium
1584 2143 1680 2183 eontra
1697 2142 1781 2185 nemo

136 2220 250 2286 Christi,
274 2236 335 2275 cunt
348 2221 423 2275 illum
438 2220 642 2290 comprehendi,
656 2220 690 2275 ab
703 2219 826 2273 hostibus
840 2217 931 2288 ligari,
982 2216 1044 2272 tulit
1065 2217 1098 2272 ab
1113 2219 1167 2283 cis,
1191 2218 1255 2273 licet
1268 2234 1411 2289 pressuras
1432 2234 1465 2275 ac
1487 2219 1691 2289 persecutiones
1704 2217 1781 2290 passi

136 2310 170 2365 ad
182 2308 327 2365 conciliant
346 2311 419 2375 duci,
432 2310 566 2375 damnari,
582 2309 721 2380 cruciligi,
736 2306 805 2363 ntori
818 2316 846 2363 et
857 2320 934 2377 sepc-
981 2315 1072 2362 essent
1086 2308 1113 2362 iu
1126 2309 1178 2363 hoc
1191 2309 1305 2371 mundo,
1333 2324 1441 2380 semper
1454 2306 1482 2365 ln
1503 2325 1550 2381 spo
1567 2306 1722 2379 gaudebant
1735 2306 1781 2365 fvt·

137 2400 179 2456 liri
202 2402 335 2457 viderent.
359 2401 519 2457 Gaudebant
537 2400 630 2456 mttntli
655 2408 803 2465 amatores,
816 2413 885 2470 quos
898 2400 933 2453 ob
983 2403 1050 2451 turae
1063 2397 1257 2463 retributionis,
1272 2414 1323 2469 pro
1335 2414 1368 2454 co
1381 2400 1452 2469 quoti
1464 2395 1538 2470 (ligni
1552 2406 1646 2455 essent
1658 2412 1710 2469 pro
1731 2398 1782 2455 'no-

137 2490 245 2547 inllmas
265 2492 443 2562 cogitationes
461 2490 592 2545 tttutttlutu
606 2496 685 2544 vocat
708 2488 855 2550 Dominus,
872 2502 933 2542 eum
982 2487 1055 2541 mine
1076 2485 1139 2543 lesa
1160 2487 1338 2546 contumelias
1355 2491 1432 2562 pati:
1458 2491 1559 2546 lterum
1579 2500 1669 2565 autem
1687 2484 1781 2561 necto

137 2590 226 2636 tnortc
251 2581 408 2652 turpissima
423 2581 636 2636 cotnlcmaarent
658 2578 745 2643 illum,
772 2577 818 2648 qtti
843 2575 934 2648 gravis
982 2596 1043 2646 atos,
1065 2589 1089 2635 et
1106 2580 1228 2651 pandebit
1252 2599 1297 2636 cor
1311 2593 1445 2645 aestrnm,
1468 2593 1493 2637 et
1516 2582 1642 2653 paediam
1662 2590 1782 2637 oestrum

136 2681 197 2728 erat
209 2672 249 2728 eis
264 2673 346 2727 ctiam
360 2673 393 2726 a-:t
416 2671 570 2726 videndum.
595 2670 832 2726 contristabantur
853 2667 934 2722 disci·
983 2689 1058 2728 neme
1072 2672 1143 2728 tollet
1157 2693 1174 2728 a
1193 2675 1273 2730 cobis.
1297 2676 1376 2731 l'idet
1396 2676 1486 2746 itaque
1500 2676 1601 2753 electas
1618 2682 1680 2746 post
1692 2670 1782 2731 tristi·

135 2764 193 2835 puli
210 2764 300 2835 posito
316 2763 342 2817 in
361 2773 458 2827 morte,
474 2765 520 2818 scd
536 2762 629 2833 agnita
643 2763 725 2817 etiam
739 2761 799 2830 ejus
809 2774 933 2817 resurre·
984 2765 1050 2820 tiam
1064 2763 1202 2831 Dominus,
1226 2783 1398 2823 cumeorum
1418 2767 1576 2839 patientiam
1591 2764 1720 2822 damnato
1731 2762 1782 2821 im·

56 2884 65 2899 ·
137 2857 237 2919 ctione,
253 2855 364 2909 tristitia
386 2854 645 2909 illoruutversaest
661 2851 841 2924 ingaudium.
869 2851 933 2908 Visa
982 2858 1783 2929 pugnammrammmrm:t'5u0p01·0³‚idasr‚cumas-

138 2946 305 3004 ascensionis
320 2946 456 3017 potentia,
478 2944 534 3013 jant
550 2945 653 3016 majore
672 2940 770 3014 gaudio
789 2941 933 3007 sublevati,
983 2964 1123 3018 sumpsero
1145 2966 1194 3004 vas
1208 2951 1241 3005 at
1258 2967 1300 3006 nm
1318 2952 1417 3022 ipsam,
1442 2951 1477 3008 Ue
1492 2951 1537 3006 api
1554 2964 1614 3006 aaran
1627 2964 1679 3021 ego
1692 2958 1782 3005 cavas

138 3038 286 3092 taradahant
296 3046 321 3091 et
337 3036 532 3091 benedicebant
543 3033 699 3098 Dominum,
715 3042 745 3087 ut
758 3032 844 3087 Lucas
855 3047 934 3087 evan·
984 3039 1053 3106 sitis,
1073 3048 1100 3094 et
1118 3040 1143 3094 ia
1158 3041 1201 3094 illa
1215 3041 1319 3096 risione
1336 3048 1473 3112 perpetuat
1487 3040 1580 3111 gloriae
1593 3039 1723 3113 gaudebit
1734 3053 1785 3095 cot·

139 3127 234 3195 gelista
247 3132 373 3179 testatur.
393 3123 447 3179 Sed
459 3133 487 3179 et
499 3125 605 3178 cunctis
620 3122 753 3187 fidelibus,
770 3122 815 3177 hic
826 3119 934 3178 Domini
986 3137 1123 3194 vestrum,
1147 3139 1174 3185 et
1187 3130 1313 3201 gaudium
1328 3138 1449 3186 restrum
1465 3146 1544 3185 nemo
1559 3130 1638 3185 tollet
1656 3144 1672 3185 a
1690 3128 1779 3192 robis,

139 3228 230 3271 sermo
252 3214 396 3280 convenit,
431 3215 478 3284 qui
501 3230 551 3284 per
574 3215 710 3286 lacrymas
737 3229 935 3287 pressurasque
985 3217 1047 3287 attia
1063 3217 1099 3272 ibi
1114 3218 1204 3274 nullus
1219 3218 1403 3282 adversarias,
1419 3218 1690 3289 nnlluspersecutor,
1702 3232 1783 3273 norm

139 3315 288 3375 praesentes
302 3305 337 3360 atl
349 3305 445 3377 gaudia
458 3313 559 3361 aterna
582 3306 724 3377 pervenire
743 3306 931 3362 contendunt:
984 3308 1031 3378 qtti
1045 3308 1184 3363 tristitiam
1196 3308 1301 3380 ingerat
1315 3309 1413 3364 animis
1427 3309 1541 3372 vestris,
1565 3307 1631 3365 dunt
1645 3307 1784 3365 ridebitur

141 3398 192 3465 Qui
221 3399 357 3454 seminant
382 3399 409 3454 in
432 3399 574 3472 lacrymis,
602 3409 632 3454 ut
647 3400 674 3454 in
693 3400 790 3471 gaudio
811 3410 932 3456 metant:
984 3396 1056 3454 Deus
1076 3398 1188 3455 deorum
1211 3400 1238 3453 in
1254 3398 1335 3465 Sion,
1356 3407 1383 3454 et
1400 3416 1458 3453 cam
1481 3397 1633 3469 appareurit
1648 3396 1781 3463 Christus,

140 3488 241 3543 Etanna
258 3488 330 3543 ibant
351 3498 376 3544 et
395 3490 491 3560 petant
513 3488 600 3562 (Psoi,
625 3491 728 3562 cxxv),
752 3499 885 3562 qttatentts
906 3493 934 3547 in
985 3501 1046 3545 tenc
1059 3498 1083 3545 et
1101 3508 1144 3546 nos
1159 3493 1332 3563 apprnrchitis,
1354 3501 1384 3547 ut
1401 3491 1546 3563 Apostolus
1557 3489 1606 3556 ait,
1622 3507 1683 3547 cum
1698 3488 1782 3547 illein

140 3589 241 3636 aterna
257 3581 423 3637 beatitudine
439 3581 541 3636 laboris
561 3582 602 3637 sui
621 3584 775 3638 mercedem
791 3583 932 3652 recipiant.
985 3580 1080 3652 gloria.

142 3672 379 3735 blandiniensem,
394 3672 421 3726 id
433 3681 492 3736 est,
518 3673 612 3727 mundi
626 3680 763 3730 amatores
780 3674 936 3744 gaudebunt
1042 3670 1202 3726 oouttttcn
1218 3670 1344 3726 tenuta
1359 3668 1447 3726 POST
1462 3666 1716 3725 assensuum.

142 3763 188 3832 atri
199 3763 232 3816 ad
245 3769 345 3817 aeterna
359 3763 455 3832 gaudia
469 3777 498 3817 se
511 3778 667 3834 praeparare
687 3779 737 3833 per
759 3764 894 3835 lacrymas
908 3773 936 3820 et
1089 3776 1217 3817 srtssott
1232 3776 1311 3815 aaart
1324 3776 1413 3815 ttcont
1429 3773 1566 3823 trosrota,
1580 3772 1641 3813 ent.
1654 3773 1674 3813 t.

143 3851 301 3907 afflictiones
328 3851 492 3920 despiciunt
516 3849 683 3906 vosautem
708 3853 935 3919 contristabimini
1024 3870 1136 3927 ,omne
1154 3871 1248 3925 gamm
1270 3865 1673 3940 0911„,um‚010m„000num
1695 3866 1783 3939 perpe.

141 3958 192 4015 per
203 3943 309 3999 iabores
320 3951 347 3997 ot
361 3957 511 4013 pressuras,
527 3944 574 3999 scd
588 3944 698 4000 tristitia
712 3954 803 4003 vestra
815 3954 936 4003 vertetur
990 3977 999 4011 a
1018 3969 1091 4016 caum
1114 3960 1256 4014 passaranum
1272 3969 1323 4023 est,
1338 3958 1506 4014 descendens
1520 3956 1628 4012 al‘atre
1639 3955 1783 4023 luminant,

142 4035 168 4088 5¹¹
183 4042 291 4088 mmm
303 4033 477 4089 b²³¹l¹¹¹di¹¹l⁸
491 4032 623 4089 millam·
990 4071 999 4104 ι
1018 4052 1088 4122 apud
1100 4065 1181 4120 uttam
1195 4065 1248 4104 non
1262 4059 1304 4104 cst
1318 4048 1508 4104 transmutatio
1524 4062 1575 4104 neo
1587 4048 1784 4105 vicissitudinis

179 4123 276 4178 ilalicr
294 4141 353 4179 cunt
375 4125 498 4195 punierit,
519 4125 655 4180 tristitiam
678 4127 766 4193 habet,
792 4128 854 4200 puio
869 4130 936 4184 uenit
990 4141 1195 4196 ,obumbrante
1213 4138 1560 4211 v010nrarjpffl1iffiganuta
1577 4141 1726 4197 nonem,
1737 4156 1784 4197 η.

142 4219 207 4270 bora
224 4218 292 4287 ejas.
308 4214 447 4271 llulicrcm
469 4217 535 4272 elicit
556 4227 678 4272 sanctam
691 4218 857 4284 Ecclesiam,
871 4236 936 4291 pro·
990 4250 999 4281 a
1019 4231 1126 4294 attavis,
1150 4238 1179 4283 aa
1193 4229 1279 4285 simus
1301 4229 1406 4283 initiam
1429 4228 1538 4297 aliquoi
1561 4238 1697 4286 creatura
1714 4228 1784 4298 ejus.

141 4320 202 4377 pter
225 4306 417 4360 lttcrrnditatcm
431 4306 564 4361 bonorum
582 4323 704 4376 operum.
729 4309 763 4364 Et
775 4309 839 4380 utria
856 4310 938 4381 spiri·
990 4320 1109 4384 ascitis,
1135 4318 1233 4373 tratres
1246 4319 1299 4373 mai
1320 4317 1496 4373 dilectissimi,
1522 4316 1564 4372 sit
1587 4325 1679 4373 autam
1696 4319 1788 4375 omni,

143 4396 229 4450 ¹¹¹²¹⁰S
244 4397 298 4451 ⁰⁰⁰
313 4397 382 4451 fillOS
396 4397 506 4467 §lintre
521 4413 658 4466 n¹¹¹¹l¹¹am
672 4400 781 4466 (lisinii,
805 4402 864 4456 ΜΟ
877 4418 976 4502 mit-D
991 4434 1000 4465 t
1018 4415 1098 4469 homo
1117 4413 1194 4468 velox
1216 4412 1249 4465 ael
1262 4411 1444 4473 mutiendum,
1467 4410 1561 4465 tardus
1580 4418 1674 4465 autem
1692 4410 1729 4492 ad
1746 4410 1784 4466 lo·

143 4487 193 4540 tier
209 4502 271 4541 curn
290 4488 416 4555 parturit,
436 4489 573 4542 tristitiam
586 4488 684 4553 habet,
699 4490 762 4558 atria
785 4493 858 4546 teuit
869 4493 936 4548 bora
991 4530 1000 4562 ,
1017 4507 1365 4580 qug„,1u„,‚0pmppusap
1385 4506 1464 4560 imm,
1489 4504 1530 4559 ιη
1552 4504 1626 4559 apim
1644 4502 1784 4583 vprjjffip.

144 4594 211 4647 epus.

179 4664 246 4720 Cam
260 4676 348 4721 otttcm
359 4669 456 4738 peperit
465 4684 585 4738 prterunt,
599 4670 658 4739 jam
671 4688 722 4725 aton
735 4674 851 4727 merainit
864 4690 937 4746 pres-

143 4773 224 4819 sura,
239 4767 344 4827 propter
355 4758 501 4828 panadium,
527 4760 588 4829 quia
607 4772 683 4816 nutus
697 4772 735 4816 est
756 4763 833 4817 homo
849 4766 876 4819 in
888 4766 936 4820 boe

144 4847 252 4900 arundo.
268 4846 336 4914 Quia
351 4848 479 4904 nimirum
498 4860 591 4905 sancta
612 4851 742 4918 Ecclesia,
765 4856 884 4924 quandiu
910 4859 936 4912 in

145 4939 245 4992 mundo
265 4938 445 5008 spiritualium
469 4941 599 4996 virtutum
629 4942 796 5013 profectibus
824 4947 934 5013 insistit,

145 5043 282 5097 truttquam
304 5032 396 5086 mundi
412 5033 606 5089 tentationibus
619 5037 740 5091 enerecri
756 5037 872 5093 desistit.
900 5039 936 5094 ,tt

144 5133 207 5172 cunt
220 5119 326 5175 devicto
347 5119 469 5176 laborum
484 5125 633 5180 certamine
653 5125 686 5181 ad
705 5127 821 5196 palmam
840 5143 935 5198 pervc-

145 5210 230 5274 nerit,
245 5210 302 5280 jam
321 5226 374 5266 nott
392 5215 528 5282 meminit,
552 5216 655 5286 inquit,
680 5235 815 5289 pressurae
835 5236 935 5290 pance-

144 5303 252 5370 dcntis‚
283 5313 393 5374 propter
421 5307 548 5377 gandium
572 5319 707 5380 percepta
736 5312 934 5377 retributionis,

143 5392 208 5463 quia
233 5411 285 5448 non
298 5406 358 5449 sant
373 5397 509 5467 condignae
522 5401 654 5468 passiones
669 5401 749 5471 hujus
766 5403 888 5472 tcntporis
902 5404 936 5456 ad

144 5496 359 5555 supertentttram
384 5487 517 5558 gloriam,
545 5507 605 5560 qun
631 5492 788 5547 revelabitur
810 5495 838 5549 t‘n
861 5495 935 5550 troiia

146 5577 234 5649 (hom.
250 5580 320 5652 vui).
343 5580 404 5635 Non
416 5581 544 5647 meminit,
568 5583 664 5653 inquit,
689 5601 818 5654 pressurae
831 5596 936 5657 propter

145 5669 282 5736 panudium,
296 5673 447 5743 potionatus
466 5683 503 5729 est
514 5675 591 5730 homo
604 5676 632 5730 in
647 5676 754 5730 munda.
772 5675 934 5734 sicutenim

991 4621 1000 4653 ι
1022 4604 1087 4658 tiam
1106 4602 1153 4655 bei
1168 4616 1221 4655 non
1240 4607 1378 4670 asperatur.
1403 4598 1519 4668 Propter
1538 4597 1610 4666 quod
1625 4595 1781 4665 abjicientes

990 4717 999 4748 t
1017 4710 1123 4751 ornnem
1147 4691 1344 4747 immunditiam
1358 4696 1386 4743 ct
1403 4687 1597 4742 alutndantiam
1618 4686 1742 4753 malitiae,
1756 4686 1780 4743 la

991 4786 1223 4843 «mansuetudine
1253 4782 1381 4850 sttscipitc
1413 4781 1525 4836 insitum
1550 4780 1687 4847 verbum,
1711 4780 1781 4851 quod

992 4898 1001 4930 t
1018 4885 1106 4949 potest
1117 4876 1221 4929 saltare
1232 4875 1336 4930 animas
1346 4880 1462 4927 vestras.
1486 4889 1498 4925 t

1025 4970 1108 5025 Omne
1120 4969 1211 5022 datum
1223 4967 1360 5037 optimam,
1382 4973 1406 5018 et
1427 4980 1502 5018 omne
1518 4963 1617 5017 donum
1637 4962 1780 5037 perlectam

988 5062 1124 5114 destituam
1135 5067 1183 5121 est,
1194 5054 1350 5109 descendens
1360 5052 1462 5106 oPatre
1475 5051 1614 5105 luminum.
1624 5047 1676 5123 (Ex
1687 5049 1781 5121 Beda.)

987 5152 1133 5220 Postquam
1150 5147 1239 5201 docuit
1259 5145 1340 5210 vitia,
1360 5143 1458 5213 quihus
1471 5149 1610 5197 tentamur
1622 5154 1708 5196 nona
1727 5139 1782 5198 lieo

987 5239 1082 5302 nobis,
1104 5236 1181 5290 seda
1203 5234 1362 5305 nobisipsis
1383 5233 1474 5288 inesse
1485 5231 1624 5298 ostendit;
1645 5240 1782 5298 coeam,

989 5326 1119 5400 quidquid
1132 5324 1194 5380 boni
1216 5323 1331 5393 agimus,
1344 5322 1397 5377 hoo
1418 5337 1434 5376 a
1455 5321 1511 5376 lieo
1526 5319 1645 5377 donante
1656 5320 1783 5393 percept-

990 5432 1059 5472 mns.
1086 5414 1149 5469 lude
1168 5413 1268 5468 etenim
1287 5408 1394 5467 Patrem
1409 5411 1542 5467 luminum
1561 5408 1699 5482 appellat,
1718 5411 1784 5483 quia

989 5515 1126 5561 auctorem
1140 5503 1214 5558 novit
1229 5501 1391 5572 spiritalium
1404 5502 1607 5557 charismatum.
1624 5498 1675 5556 (lui
1688 5514 1785 5557 osma

989 5601 1036 5647 nat
1053 5591 1119 5647 illud
1133 5589 1245 5662 apostoli
1265 5589 1359 5647 Pauli:
1378 5588 1449 5656 aare
1462 5591 1531 5645 enim
1549 5588 1630 5646 hahes
1644 5588 1720 5661 quod
1732 5604 1786 5646 sota

988 5682 1110 5755 accepisti
1122 5682 1150 5755 (t
1162 5681 1224 5739 Gor.
1239 5677 1290 5752 tvli
