3810 6120
142 314 195 371 itt
551 318 809 378 calamitosas
828 320 862 377 iri
881 318 1071 381 EPISTQLAS
1089 321 1134 380 ΕΤ
1153 323 1359 381 eutecetis.
1479 315 1480 320 ’
1720 326 1772 383 iffi

139 418 935 496 mimidaiirej.)quiadvitaaditumtendimusetexdex·
948 432 974 493 Α
986 448 1040 490 noa
1061 442 1104 489 est
1128 437 1215 506 quasi.
1241 436 1299 494 lion
1320 437 1393 492 enim
1414 435 1483 493 dixit
1503 438 1667 510 spostolus:
1686 440 1770 510 Quasi

140 524 186 572 tro
196 521 225 570 et
235 514 347 570 sinistro
357 514 442 570 latere
454 517 554 573 babere
565 534 641 574 arma
651 519 932 580 debemusddemro
985 525 1143 595 gaudentes.

139 605 224 676 igitur
236 618 313 659 arma
328 603 419 671 babet,
434 622 515 676 quem
530 623 659 679 prospera
668 624 724 666 noa
737 609 880 669 extollant.
890 612 933 669 Ad
1017 613 1092 669 Sicut
1109 626 1221 685 egenter,
1236 621 1331 671 multos
1344 625 1430 672 autem
1448 617 1644 690 locupletantes.
1662 620 1694 677 lu
1716 618 1770 678 ltoc

138 699 289 762 sinistram,
310 713 392 767 quem
407 699 521 756 adversa
535 717 589 756 non
607 701 747 772 dejiciunt
763 701 804 758 lix
816 710 933 774 utraque
983 705 1042 776 ipso
1054 707 1125 776 quod
1140 722 1251 776 egemus
1265 722 1325 772 uos,
1337 708 1364 762 in
1379 707 1440 763 aliis
1452 708 1628 776 abundamus,
1644 711 1708 766 dum
1722 724 1772 781 per

137 790 212 845 enim
223 797 303 859 parte
316 789 443 858 portabat
453 789 554 847 Paulus
567 808 653 858 arma,
667 808 730 849 cum
743 794 862 850 diceret:
879 793 933 851 Per
982 812 1032 853 nos
1051 796 1221 852 eleemosinae
1240 797 1318 852 duat.
1334 799 1397 853 Sive
1419 799 1534 854 terrenis
1555 807 1681 870 egentes,
1702 799 1770 857 alios

137 893 216 932 cona
232 876 378 946 juditioea
398 877 497 933 destris
510 888 533 933 et
552 881 708 946 asiniatria,
723 898 769 952 per
782 880 894 952 gloriam
907 891 933 938 et
982 886 1137 942 caelestibus
1160 885 1275 943 iacimus
1294 887 1441 958 locupletes
1458 900 1470 942 ἐ
1490 889 1567 959 ajuasi
1591 890 1682 945 tristes
1704 889 1771 947 dicit

137 966 339 1037 ignobilitatem.
364 965 423 1022 Non
445 968 519 1024 bunc
538 971 652 1026 adversa
676 971 855 1043 frangebant,
877 987 930 1028 nou
981 984 1009 1033 et
1021 978 1090 1034 sicut
1109 986 1235 1049 egentes,
1251 987 1281 1032 ut
1301 979 1466 1044 ostenderet,
1486 980 1537 1035 ista
1550 995 1613 1035 vcra
1630 980 1700 1034 mala
1715 995 1769 1037 uon

136 1069 268 1126 prospera
279 1057 307 1111 iu
320 1057 420 1113 mentis
434 1068 540 1116 tumore
552 1061 774 1118 sublevabantil
790 1063 932 1121 dextriset
980 1082 1050 1134 esse,
1071 1069 1116 1122 sed
1136 1069 1214 1138 quasi
1237 1068 1348 1124 umbras
1368 1076 1397 1123 et
1414 1069 1545 1140 imagines
1559 1070 1717 1138 passionum
1734 1069 1769 1127 ad

137 1161 154 1200 a
168 1146 288 1201 sinistris
297 1145 422 1217 gestabat
432 1164 519 1215 arma,
533 1152 579 1221 qui
591 1160 619 1208 ct
629 1153 656 1206 in
668 1154 831 1211 adversitate
841 1155 928 1223 lortis,
980 1161 1209 1230 comparationem
1226 1161 1329 1231 praemii
1344 1160 1511 1229 sempiterni.
1614 1158 1620 1170 '

137 1245 166 1292 et
188 1238 216 1293 in
237 1239 419 1308 prosperitate
442 1242 553 1298 humilis
570 1247 756 1313 permanebat.
784 1247 818 1302 Ut
832 1262 928 1317 ergoa
1017 1249 1152 1321 Tanquam
1163 1248 1228 1305 nibil
1241 1250 1374 1304 iubentes.
1385 1251 1535 1306 Sicutdicit
1545 1250 1686 1305 Salomon:
1700 1249 1769 1322 Ejus

136 1333 243 1389 dextris
255 1342 284 1389 et
296 1348 312 1388 a
327 1333 447 1391 sinistris
460 1351 536 1391 arma
551 1347 701 1409 gestentur,
713 1356 821 1410 semper
833 1343 929 1399 adesse
978 1340 1022 1409 qui
1035 1350 1071 1394 ιιι
1082 1337 1178 1407 fidelis,
1187 1348 1257 1394 totas
1267 1339 1381 1394 mucidus
1394 1340 1545 1395 diuitiarum
1555 1349 1602 1394 est.
1613 1341 1697 1395 Nemo
1707 1341 1769 1411 plus
1794 1365 1806 1386 ·

137 1420 240 1476 nosris
251 1422 387 1478 mentibus
400 1423 488 1490 debet,
502 1435 530 1480 ιι
549 1428 576 1481 in
594 1429 715 1486 adversis
726 1431 834 1495 fiducia,
854 1442 883 1486 et
900 1433 928 1487 ia
977 1428 1070 1494 babet,
1084 1445 1166 1500 quam
1180 1430 1225 1498 qui
1237 1429 1309 1484 nullo
1323 1431 1433 1502 indiget.
1449 1430 1496 1485 llle
1507 1430 1581 1485 nullo
1596 1430 1710 1503 indiget,
1721 1431 1769 1502 qui

136 1509 274 1579 prosperis
292 1509 383 1565 timor.
407 1510 447 1566 Nc
467 1522 514 1569 aut
532 1516 644 1572 adversa
660 1519 688 1572 in
711 1519 927 1588 desperationem
976 1527 1077 1590 prater
1091 1519 1321 1575 necessariauihil
1336 1519 1460 1589 requirit.

136 1599 315 1666 pertrabant,
333 1607 381 1654 aut
400 1615 530 1673 prospera
552 1606 672 1661 animum
694 1607 722 1661 ia
743 1609 784 1663 sui
800 1608 927 1666 fiduciam

136 1686 275 1742 urciano
1146 1675 1316 1716 ιιιιιιιιιιιι
1330 1676 1473 1725 uiarum,
1491 1675 1550 1715 cue.
1567 1675 1603 1714 xv.

1617 1581 1633 1614 Q

171 1774 226 1831 Per
243 1778 389 1849 gloriamsi
399 1783 601 1852 ignobilitatem.
617 1784 667 1855 (Ex
683 1787 813 1859 Primas.)
826 1790 855 1845 ld
868 1797 926 1857 est,
942 1770 965 1831 Β
1017 1808 1027 1842 ι
1046 1792 1147 1847 Ductus
1163 1799 1205 1845 cst
1216 1788 1296 1845 iesus
1306 1791 1333 1844 in
1346 1790 1481 1845 desertum
1496 1789 1635 1861 aSpiritu,
1659 1799 1690 1845 ut
1707 1798 1767 1846 tea·

135 1885 187 1940 per
202 1870 315 1940 gloriam
337 1873 478 1941 virtutum,
497 1883 525 1931 et
538 1876 734 1947 ignobilitatem
749 1879 925 1951 flagellorum.
979 1899 988 1932 ι
1008 1888 1112 1935 tacetur
1136 1895 1151 1933 a
1173 1880 1288 1934 diabolo.
1303 1880 1336 1933 Et
1350 1894 1410 1934 eum
1422 1879 1572 1949 jejunasset
1586 1879 1765 1951 quadraginta

136 1963 338 2034 despectionum
353 1974 382 2021 et
395 1980 546 2023 carcerum.
980 1990 989 2023 ι
1008 1971 1113 2034 diebus,
1126 1976 1154 2025 et
1165 1969 1342 2039 quadraginta
1359 1968 1495 2031 noctibus,
1509 1975 1602 2036 postea
1616 1966 1722 2025 esuriit.
1732 1966 1767 2024 m

173 2051 228 2107 Per
248 2054 388 2123 injuncium
406 2065 432 2110 ιι
446 2056 541 2112 ionum
558 2062 670 2127 tamam.
686 2058 782 2116 Omnia
802 2060 861 2116 baec
880 2075 928 2133 per
979 2078 989 2111 ι
1006 2059 1138 2115 accedens
1156 2066 1283 2123 tentator,
1299 2058 1368 2112 dixit
1385 2058 1431 2111 ei:
1453 2056 1481 2110 Si
1498 2056 1583 2111 Filius
1599 2057 1646 2112 liei
1657 2073 1704 2123 es,
1723 2059 1768 2116 dic

134 2145 294 2216 patientiam
311 2147 453 2216 equaliter
465 2149 662 2219 suscipiamus,
674 2166 724 2207 nec
738 2151 928 2207 extollautnos
979 2168 989 2201 ι
1007 2158 1037 2204 at
1057 2151 1158 2220 lapides
1170 2149 1213 2204 isti
1226 2164 1311 2220 panes
1328 2147 1404 2201 dard.
1419 2145 1469 2213 Qui
1486 2145 1662 2217 respondens,
1678 2146 1765 2204 dixit:

136 2237 290 2302 laudantes,
309 2252 360 2292 uec
379 2236 508 2306 dejiciant
531 2240 715 2296 detrahentes.
731 2239 798 2309 Quia
816 2256 928 2298 necesse
980 2259 989 2292 ι
1009 2239 1145 2311 Scriptum
1158 2249 1215 2295 est:
1228 2237 1286 2293 Nou
1300 2238 1327 2292 in
1342 2236 1398 2292 solo
1411 2236 1560 2306 pane‘vivit
1573 2237 1663 2300 bomo,
1680 2236 1767 2294 sedin

135 2336 179 2384 est
203 2343 258 2383 noo
282 2342 416 2397 nunquam
438 2338 568 2398 utrosque
590 2331 708 2385 ruentiri.
735 2329 790 2385 Nos
805 2346 869 2386 vero
894 2331 928 2386 ad
980 2331 1080 2385 cornui
1107 2330 1191 2385 verbo
1217 2329 1289 2398 quod
1307 2328 1430 2398 procedit
1447 2327 1481 2382 de
1495 2343 1543 2382 ore
1559 2326 1617 2382 Dei.
1632 2327 1707 2383 ‘lunc
1721 2342 1767 2384 as-

132 2417 333 2475 oonscientiam
356 2419 547 2489 respicientes,
572 2435 626 2475 non
647 2419 778 2476 debemus
793 2421 853 2490 plus
867 2420 928 2476 aliis
980 2440 989 2473 ι
1007 2420 1122 2491 sumpsit
1135 2435 1196 2475 eum
1208 2417 1331 2474 diabolus
1344 2418 1369 2472 in
1382 2426 1504 2473 sanctam
1516 2417 1662 2482 civitatem,
1674 2426 1701 2474 et
1711 2425 1768 2472 sta·

135 2510 172 2567 (le
183 2509 262 2564 bonis
275 2510 374 2566 nostris
387 2526 470 2581 quam
483 2512 561 2567 nobis
576 2512 642 2582 ipsis
658 2514 778 2568 credere.
980 2530 990 2564 ι
1009 2512 1060 2567 tuit
1072 2527 1134 2566 eum
1150 2527 1231 2582 supra
1243 2506 1415 2581 pinnaeulum
1430 2506 1532 2576 templi,
1550 2513 1578 2562 et
1592 2506 1658 2561 dixit
1674 2507 1718 2562 eit
1737 2506 1767 2565 Si

173 2596 209 2653 iit
225 2599 375 2654 seductores
390 2609 415 2654 et
429 2618 541 2656 ιιιιιιι.
558 2601 648 2669 Quare
667 2603 840 2659 seductores?
859 2604 927 2671 Quia
980 2619 989 2652 ι
1007 2601 1092 2657 Filius
1114 2600 1161 2655 Dei
1185 2616 1230 2664 cs,
1256 2600 1333 2653 mitte
1357 2606 1384 2652 ῑθ
1406 2597 1542 2652 dimisum·
1570 2596 1707 2668 scriplum
1724 2607 1768 2654 eii

137 2687 234 2744 docent
246 2688 383 2744 bominem
398 2689 537 2761 despicere
559 2692 631 2760 quud
654 2691 754 2757 habet,
775 2699 803 2747 et
817 2707 928 2763 sperare
980 2708 989 2741 ι
1009 2692 1100 2746 enixu:
1119 2691 1186 2757 Quia
1200 2688 1301 2760 angelis
1314 2688 1370 2743 suis
1381 2686 1517 2741 mandavit
1530 2687 1563 2742 de
1577 2696 1614 2752 te,
1630 2695 1657 2743 et
1668 2688 1696 2743 in
1709 2703 1768 2743 ma-

136 2778 210 2848 quod
223 2793 274 2831 non
288 2777 390 2832 babet:
410 2794 471 2848 quae
487 2778 573 2835 oculis
590 2780 714 2849 exposita
728 2788 808 2845 sunt,
824 2779 928 2836 aversis
980 2801 989 2834 ι
1009 2785 1088 2838 nibus
1101 2781 1195 2837 tollent
1216 2788 1258 2843 te,
1274 2793 1308 2832 ne
1322 2776 1391 2831 iorte
1407 2775 1527 2831 oliendas
1540 2777 1573 2832 ad
1586 2776 1702 2847 lapidem
1718 2793 1768 2848 pe-

137 2876 167 2922 et
179 2865 311 2922 exclausis
325 2867 460 2931 sensibus,
481 2867 638 2937 praeterire:
662 2876 691 2922 ιι
708 2882 767 2935 quae
786 2866 819 2922 ab
841 2865 927 2922 oculis
980 2890 989 2923 ι
1007 2874 1067 2928 dem
1090 2878 1176 2926 tuum.
1191 2868 1237 2923 dit
1259 2867 1296 2922 illi
1316 2864 1413 2921 lesus:
1430 2864 1547 2921 Rursum
1560 2865 1690 2936 scriptum
1704 2875 1765 2923 est:

137 2968 241 3014 reruota
255 2966 329 3023 sunt,
346 2957 552 3027 inexplebilibus
562 2958 703 3014 desideriis
721 2957 866 3028 explicare.
882 2957 927 3015 bt·
980 2981 989 3014 ι
1004 2961 1062 3018 Nun
1074 2960 1192 3016 tentabis
1202 2958 1346 3013 [lominum
1359 2957 1444 3011 ileum
1455 2965 1539 3010 tutum.
1549 2955 1649 3010 lterum
1663 2972 1767 3012 assum·

136 3051 243 3106 cendo:
270 3050 427 3104 seductores
454 3057 483 3104 et
506 3064 616 3104 veraces
641 3051 767 3119 exposuit
786 3048 925 3104 infamiam
980 3073 990 3107 ι
1007 3054 1062 3124 psit
1077 3068 1139 3107 eum
1162 3050 1285 3107 diabolus
1299 3051 1327 3103 in
1340 3055 1458 3102 montem
1477 3047 1613 3102 excelsum
1629 3047 1718 3113 valde,
1738 3057 1768 3104 et

137 3150 164 3196 ιι
183 3141 281 3195 bonam
296 3138 407 3205 lamam,
423 3140 486 3209 quia
509 3140 543 3194 ab
564 3140 623 3194 aliis
636 3138 801 3205 seductores,
818 3141 853 3195 ab
866 3120 962 3196 aliisC
981 3162 990 3195 ι
1007 3142 1126 3199 ostendit
1139 3141 1162 3197 ei
1177 3139 1267 3196 omnia
1282 3153 1363 3210 regna
1376 3136 1481 3201 mundi,
1492 3142 1519 3190 et
1534 3136 1647 3206 gloriam
1660 3152 1765 3203 eorum,

137 3245 214 3295 vero,
228 3245 281 3285 noo
304 3229 390 3284 solum
414 3244 533 3295 veraces,
559 3231 605 3285 sed
625 3239 653 3285 et
669 3239 779 3301 propter
795 3231 925 3287 virtutum
981 3242 1037 3290 ιιι
1049 3233 1118 3288 dixit
1138 3232 1197 3285 illi:
1217 3229 1280 3284 llaec
1294 3229 1384 3284 omnia
1407 3227 1457 3282 tibi
1478 3227 1557 3290 dabo,
1579 3228 1601 3282 si
1624 3229 1767 3297 procidens

136 3334 231 3390 opera,
248 3318 284 3375 dii
299 3317 473 3374 vocabantur.
488 3317 545 3372 lion
566 3332 631 3390 ergo
646 3319 758 3383 mirum,
777 3321 799 3375 si
813 3319 926 3391 apostoli
981 3344 991 3377 ι
1008 3323 1165 3382 adoraveris
1177 3337 1231 3376 me.
1247 3321 1323 3376 Tunc
1339 3320 1407 3375 dixit
1419 3319 1443 3374 ei
1458 3317 1536 3374 lesus
1555 3336 1562 3372 ε
1582 3320 1664 3384 l'ade,
1685 3319 1766 3376 Sata-

139 3410 296 3467 seluctores
311 3410 481 3475 dicebamur,
496 3425 556 3465 curm
570 3409 603 3464 dc
621 3408 678 3480 ipso
691 3406 805 3464 butrino
827 3409 871 3464 aiii
888 3409 928 3466 dl·
982 3436 991 3469 ι
1011 3434 1070 3472 uas.
1094 3415 1231 3485 Scriptum
1250 3420 1292 3467 est
1310 3411 1399 3466 caint:
1420 3409 1563 3467 Bariduum
1584 3408 1766 3483 ὓιιιιιιιιιιιιιι

138 3503 248 3565 celant,
267 3502 328 3571 quia
347 3501 492 3566 deviasset,
509 3500 557 3555 aiii
578 3499 650 3568 ll’ou,
663 3501 710 3555 sed
722 3501 822 3556 seducit
836 3501 927 3556 turbas
983 3526 992 3559 ι
1011 3507 1151 3571 adorabis,
1177 3513 1205 3560 et
1224 3503 1262 3559 ilii
1282 3501 1331 3559 soli
1347 3504 1459 3558 servies
1480 3501 1554 3556 Tuuc
1576 3500 1683 3571 reliquit
1704 3518 1766 3558 eum

140 3588 234 3661 (locu.
250 3591 310 3660 ιιι).
982 3618 991 3651 ι
1013 3597 1150 3661 diabolus,
1167 3605 1194 3651 et
1206 3609 1270 3651 ecce
1285 3593 1372 3664 angeli
1390 3600 1564 3648 accesserunt
1582 3599 1609 3647 ιι
1626 3592 1766 3649 ministra-

175 3679 250 3734 Sicut
266 3681 309 3750 qui
325 3680 406 3750 ignoti
419 3688 442 3734 et
463 3677 569 3749 cogniti.
583 3677 669 3748 lgnoti
684 3677 795 3747 quidem
817 3678 928 3749 peridis
981 3709 990 3742 a
1010 3691 1076 3746 bana
1087 3689 1122 3744 ei,
1139 3708 1148 3740 s

138 3778 165 3825 ⁰²
177 3768 300 3839 inimi&
318 3767 423 3838 C⁰S⁰ffi
442 3775 531 3823 ”stem
547 3766 669 3821 fidelibus
685 3774 766 3835 at‘lui
776 3766 868 3833 ι’ῑῑθῑῑῦ·
1013 3780 1115 3834 Decrius
1131 3788 1168 3833 est
1181 3777 1260 3833 teias
1274 3778 1302 3832 iu
1317 3776 1448 3832 desertum
1469 3793 1485 3829 ιι
1501 3774 1619 3846 Spiritu,
1632 3786 1659 3830 ut
1682 3786 1767 3831 teuta-

163 3842 249 3911 Q⁸⁶⁸5
260 3849 408 3911 '’¹⁰'5⁶'¹¹‘⁸¹
423 3854 448 3901 θ’
461 3862 519 3904 ⁶⁶⁶⁶
547 3849 667 3904 ”slim
686 3847 744 3904 ¹¹⁰⁰
762 3858 815 3917 ⁰³¹2
834 3862 921 3922 ΜΝ
979 3881 1052 3924 retur
1065 3887 1081 3923 a
1093 3869 1209 3924 diabolo.
1227 3867 1276 3941 (Er
1296 3866 1421 3939 drogon)
1438 3867 1559 3922 Dubitari
1576 3870 1765 3939 aquibusdam

130 3937 164 3993 ad
181 3939 404 4010 desperationem
432 3942 495 3997 vitre
508 3942 708 4013 pervenientes,
726 3943 798 3999 sieut
810 3944 921 4015 quando
979 3959 1072 4015 ,oleta
1085 3973 1137 4028 quo
1151 3958 1247 4028 spiriu,
1258 3957 1293 4012 su
1305 3954 1383 4010 jesus
1395 3954 1491 4010 ducens
1506 3955 1532 4009 ῑῃ
1545 3955 1693 4016 desertum,
1703 3971 1766 4025 pm.

130 4030 266 4102 lapidatus
284 4032 432 4100 putabatur
449 4042 586 4095 sumturus,
607 4031 653 4088 ille
667 4047 732 4088 vero
760 4034 921 4090 surrexitct
977 4059 1039 4121 pm,
1050 4049 1102 4102 j,00
1117 4049 1188 4117 quoq
1206 4046 1348 4101 subditum
1368 4044 1515 4113 ,epompio
1532 4060 1590 4096 eum
1605 4042 1726 4097 diabolo,
1738 4044 1764 4098 ιη

130 4126 246 4180 ⁰⁰⁰⁰¹l²²
262 4127 290 4180 5¹¹
303 4125 406 4196 [ι’ὓῑΐῑ*
419 4125 486 4195 (²¹⁰¹-
501 4124 570 4194 Νι·
977 4147 1094 4193 sanctam
1106 4137 1282 4199 civitatense
1293 4148 1416 4188 rursum:
1428 4131 1573 4201 Aseunmsit
1584 4145 1642 4182 eum
1653 4130 1680 4182 iu
1691 4146 1766 4184 mors-

168 4216 199 4274 ib
215 4220 370 4290 cirsriqmier
388 4237 440 4273 ιιοιι
456 4219 622 4288 urorrifirati.
640 4218 715 4274 Sicut
728 4220 859 4288 legimus:
873 4217 923 4276 ca-
978 4238 1028 4283 sem
1050 4227 1190 4281 excelsum.
1217 4224 1270 4279 Sed
1290 4237 1354 4276 vere
1373 4229 1401 4276 ιι
1423 4223 1523 4289 absque
1543 4219 1596 4275 ulla
1616 4221 1765 4289 quastione

129 4312 234 4383 stipans
246 4315 386 4384 castigavit
402 4329 443 4367 ure
461 4314 596 4373 lleuriuus,
613 4321 638 4366 et
650 4313 729 4365 ruorii
746 4329 798 4364 uon
809 4313 923 4366 tradidit
978 4317 1169 4373 convenienter
1180 4315 1323 4384 accipitur,
1337 4320 1367 4366 ue
1379 4328 1393 4365 a
1407 4320 1501 4366 sancio
1512 4309 1613 4381 spirim
1630 4310 1657 4364 i„
1671 4310 1763 4364 jeser.

131 4422 175 4460 me
194 4405 277 4479 (Paul.
294 4406 540 4477 cxi-11).l‘1ast²garn
559 4405 645 4465 crriru.
668 4415 696 4459 et
716 4405 809 4461 verbis
822 4415 849 4459 et
863 4420 924 4460 ver·
979 4417 1034 4463 tum
1050 4408 1145 4462 dinetus
1157 4405 1292 4470 credatur,
1312 4408 1341 4457 ut
1356 4401 1410 4457 illic
1426 4417 1487 4456 eum
1501 4416 1565 4456 surus
1580 4400 1698 4470 Spiritus
1716 4401 1764 4455 du-

132 4496 256 4562 lterilttit,
268 4497 477 4563 ditittittS,sicttl
488 4495 632 4550 l'iltilttsde
644 4495 822 4552 Ddtititruull:
837 4493 924 4548 carsii·
938 4459 965 4519 D
978 4506 1061 4561 cerel,
1075 4497 1119 4552 ubi
1135 4498 1207 4550 hunc
1225 4495 1259 4569 ρὰ
1277 4494 1434 4548 tentandum
1448 4492 1558 4562 spiritus
1573 4490 1706 4560 malignus
1720 4491 1764 4546 jn.

131 4602 226 4661 garam
239 4607 298 4644 cam
312 4591 457 4653 dimittam,
469 4589 496 4644 id
510 4598 562 4655 eat,
572 4588 733 4644 verberibus
746 4587 923 4658 flagellatum.
977 4588 1091 4653 veniret,
1104 4586 1150 4642 sed
1164 4599 1228 4640 ecce
1241 4598 1301 4638 cum
1313 4583 1431 4638 dicitur:
1446 4582 1517 4638 licus
1528 4583 1609 4638 bomo
1623 4582 1664 4636 vel
1677 4582 1704 4637 iu
1717 4599 1765 4637 ιι-

171 4680 255 4747 Qaasi
269 4684 367 4745 tristes,
378 4693 580 4752 temperantem
590 4683 745 4752 gaudentes.
762 4679 867 4735 Tristes
880 4694 923 4735 se-
977 4677 1078 4733 celsum
1092 4685 1228 4740 rxroutem,
1243 4674 1284 4728 vel
1300 4675 1326 4729 in
1345 4681 1466 4729 sanctam
1480 4672 1616 4728 civitatem
1630 4689 1644 4727 a
1659 4670 1764 4762 diabolo

133 4777 252 4831 vertute
271 4775 376 4841 virtius,
394 4775 477 4830 eorde
494 4788 559 4830 vero
570 4775 688 4830 satanin
699 4773 926 4829 tribulationibus
977 4773 1142 4836 assumptus,
1156 4780 1233 4820 mens
1248 4762 1346 4834 reiugu
1365 4763 1499 4827 humana,
1513 4764 1565 4819 ¹¹00
1578 4763 1670 4817 audire
1685 4778 1765 4818 aures

137 4873 188 4928 pro
202 4857 398 4915 munerationis
412 4858 613 4929 exspectatione
630 4858 786 4929 gaudentes,
795 4859 927 4930 seriptum
977 4864 1167 4925 cupas-escunt.
1194 4853 1244 4921 Qui
1269 4862 1358 4909 tamen
1380 4869 1432 4909 non
1449 4869 1508 4909 esse
1525 4852 1693 4908 incredibilia
1713 4852 1764 4908 ista

137 4953 180 5000 est
199 4948 291 5001 enim:
320 4945 378 5002 l'ris
390 4947 438 5004 itia
462 4957 548 5002 uestra
567 4956 729 5002 concertetur
752 4948 780 5002 iu
800 4947 927 5020 gavidium
978 4947 1160 5016 agnoscimus,
1179 4947 1202 5000 si
1215 4946 1242 5000 in
1257 4945 1301 5000 illo
1314 4953 1341 5000 ιι
1359 4944 1411 4999 alia
1427 4943 1496 4999 laeta
1511 4960 1665 5015 pensamus.
1685 4943 1765 5000 Certe

136 5032 230 5105 (locu.
247 5034 316 5110 xm).
978 5036 1129 5106 iniquorum
1145 5037 1265 5092 omniurn
1282 5034 1403 5090 diabolus
1415 5042 1457 5090 est
1475 5043 1565 5105 caput,
1587 5042 1615 5089 et
1627 5033 1707 5103 hujus
1720 5048 1765 5088 ca-

173 5121 363 5199 (Eximit.)
387 5123 515 5197 Quisquis
532 5127 666 5183 sonantium
690 5128 809 5195 iudicat,
832 5128 926 5185 addita
977 5128 1040 5199 pitis
1057 5128 1179 5182 ιιιιιιιιιιι
1203 5134 1265 5181 sunt
1288 5139 1382 5180 omnes
1405 5124 1499 5196 iniqui.
1523 5122 1564 5179 An
1590 5138 1642 5178 non
1665 5121 1763 5179 diaboli

137 5213 231 5282 Quasi.
258 5215 341 5284 Quasi
365 5216 514 5289 loquebar,
539 5217 617 5288 quasi
642 5218 813 5288 equitabam.
841 5227 927 5274 totum
978 5216 1127 5271 urernbrum
1150 5213 1274 5270 Pilatus?
1292 5229 1325 5268 an
1341 5229 1394 5268 non
1418 5213 1517 5268 diaboli
1540 5213 1659 5268 membra
1680 5210 1764 5266 iudai

136 5304 228 5374 quasi,
242 5305 288 5376 qui
303 5321 365 5361 eum
381 5306 531 5378 vigilaverit
543 5321 596 5361 non
610 5306 712 5362 invenit
724 5309 795 5378 quod
807 5308 925 5364 videbat.
977 5313 1180 5380 persequentes,
1196 5314 1223 5359 et
1234 5302 1332 5359 milites
1346 5303 1534 5375 cmrciligcutcs
1552 5300 1681 5358 luerunt?
1695 5296 1764 5366 Quid

136 5387 230 5463 ltaque
245 5394 325 5450 modo
346 5395 392 5465 qui
416 5395 450 5450 ad
468 5395 576 5451 laetitias
593 5396 737 5452 saculares
754 5397 848 5452 oculos
864 5415 928 5468 ape-
976 5414 1041 5469 ergo
1056 5398 1165 5461 mirum,
1180 5396 1202 5451 si
1215 5411 1245 5451 se
1257 5395 1291 5450 ab
1311 5394 1355 5451 illo
1366 5395 1489 5465 permisit
1508 5394 1535 5448 iu
1550 5401 1668 5449 montem
1691 5387 1761 5453 duci,

136 5482 223 5547 riunt,
238 5486 335 5540 transit
358 5486 441 5553 Quasi
461 5485 591 5556 ipsorum,
613 5493 640 5542 ιι
652 5487 726 5541 ιιιιῑι
739 5503 832 5542 venam
854 5490 927 5559 ipso·
977 5489 1022 5558 qui
1036 5503 1065 5543 se
1079 5487 1189 5558 pertudit
1199 5485 1281 5541 etiam
1295 5501 1310 5540 a
1328 5486 1458 5541 membris
1470 5485 1542 5538 illius
1551 5477 1689 5551 cruciligi?
1704 5474 1764 5532 Non

137 5587 208 5629 rum.
225 5574 307 5642 Quasi
321 5577 440 5647 ipserum
453 5585 495 5632 est
508 5574 624 5633 iclicitas
635 5577 737 5643 secui,
748 5593 842 5633 verum
856 5579 926 5650 ipso
978 5586 1019 5632 est
1031 5590 1093 5647 ergo
1109 5577 1248 5647 indiguum
1267 5575 1441 5645 llcdemptori
1455 5582 1557 5637 uostro,
1577 5570 1649 5641 quod
1666 5570 1763 5624 tentari

139 5678 200 5720 rum
215 5681 293 5735 penna
305 5673 355 5722 est.
372 5666 497 5722 Nostrum
513 5665 594 5736 errvsi
610 5669 717 5724 tristitia
734 5675 786 5735 est,
800 5671 925 5740 gaudium
978 5667 1078 5733 velerit,
1097 5668 1143 5738 qui
1168 5675 1277 5722 venerat
1294 5666 1391 5723 occidi.
1412 5664 1517 5721 lustum
1534 5662 1632 5736 quippe
1645 5671 1717 5738 erat,
1734 5672 1763 5718 ut
