3810 6120
131 259 185 315 ⁸5,
767 229 1109 293 sutnssmsnouus
1704 220 1764 281 ⁸⁴⁰

130 382 189 424 ιιιιιι
199 370 302 419 sartctas
315 358 407 413 Patres
418 364 519 410 nostros
529 368 582 406 aaa
594 350 636 405 die
649 350 697 403 iras
708 356 813 402 strenae
827 345 917 417 imple·
929 351 953 411 Α
968 352 1057 415 specta
1070 340 1222 396 Dioinitatis
1240 349 1264 395 et
1282 337 1433 411 anpeiorans
1449 339 1507 410 ejas
1524 353 1580 395 etse
1594 353 1603 393 .·
1621 348 1645 393 et
1658 338 1698 395 sic
1708 349 1767 431 ste·

130 457 197 513 sisse
218 452 288 524 qaod
303 467 350 504 nos
362 446 442 517 tepidi
455 443 556 496 atinam
574 438 718 511 septimana
736 437 838 506 intepra
857 450 919 503 per·
971 452 1028 491 aras
1046 434 1080 488 ad
1099 432 1277 505 psallentum,
1296 442 1324 486 at
1342 448 1414 486 mens
1435 441 1526 486 nostra
1544 431 1683 486 concordet
1705 433 1766 536 saci

112 494 270 603 'advobus
971 535 1075 580 naara.
1094 526 1135 581 hd
1150 535 1253 581 tanturn
1271 530 1376 595 ergoet
1391 521 1444 578 tale
1460 521 1577 579 ciliciam
1596 536 1642 576 cor
1660 530 1767 592 pariter

424 600 537 658 CAPUT
556 596 627 652 m·
971 631 1032 671 com
1044 616 1134 687 lingua
1144 615 1303 679 conveniat;
1317 629 1379 670 cum
1391 614 1487 668 timore
1500 612 1614 667 homino
1627 613 1768 682 quotidia-

356 694 395 748 Β(
409 691 546 763 Minna
559 686 698 759 manendi·
971 722 1034 762 num
1047 707 1163 762 debitum
1177 707 1252 762 reddi
1264 705 1351 761 dehet.
1367 703 1402 759 Et
1417 712 1491 758 notet
1503 704 1555 760 sibl
1569 703 1596 757 in
1609 704 1702 769 carde,
1715 705 1768 775 qui

169 811 267 883 Ubique
289 805 417 861 credintus
439 803 555 856 disinttnt
578 814 633 852 csse
657 794 831 868 presentiam.
855 790 921 844 h'mu
971 795 1073 867 psallis,
1090 795 1125 850 ad
1139 794 1242 866 singula
1256 795 1346 849 omnia
1361 793 1515 848 gesqimonia
1529 807 1589 867 qua
1603 792 1684 858 dien.
1698 793 1768 864 quia

133 907 221 962 amnia
238 901 309 957 stada
328 910 351 954 et
369 908 458 969 aperta
477 905 547 959 sunt,
569 901 598 947 nt
618 892 654 944 ait
675 887 829 957 Apostolus,
841 884 922 939 aeratis
972 884 1068 956 singuli
1083 899 1185 948 sersus,
1200 884 1222 939 si
1232 891 1370 949 notcrrtur,
1385 882 1529 952 proliciunt
1541 883 1637 984 animes
1646 882 1682 938 ad
1692 881 1769 939 salu

134 998 182 1053 Dei
210 1006 233 1049 et
252 1002 355 1048 nonest
374 988 429 1042 nlla
447 996 568 1041 creatura
586 982 722 1037 invisibilis
741 981 768 1032 in
786 987 922 1046 conspectu
973 983 1044 1041 tens,
1064 984 1092 1028 et
1110 973 1136 1027 in
1151 975 1190 1028 eis
1203 982 1287 1028 totum
1302 974 1438 1071 inuenitur
1451 973 1523 1042 quod
1536 980 1685 1071 quaerrturp
1699 988 1769 1043 quaa

132 1038 193 1158 riui
207 1085 300 1159 (licor.
316 1081 363 1152 rr).
378 1079 412 1133 Et
425 1077 485 1131 idco
499 1075 538 1129 sic
550 1073 676 1128 assistere
688 1079 750 1123 aute
763 1067 855 1122 oculas
865 1066 923 1135 ejus
972 1061 1062 1118 attruia
1084 1063 1117 1116 ad
1137 1060 1341 1116 aedificationem
1362 1059 1482 1131 loquatur
1499 1059 1636 1129 psalmus,
1657 1060 1770 1117 dicente

136 1182 276 1241 debemus,
290 1175 359 1230 sicot
369 1179 432 1226 ante
440 1167 532 1223 oculos
540 1163 670 1220 creatoris
683 1159 821 1230 ctjndicis.
829 1156 923 1212 Nullus
972 1152 1106 1227 Propheta
1121 1172 1127 1209 :
1144 1150 1263 1208 Psallam
1278 1163 1301 1207 et
1316 1151 1460 1255 inteilipam
1475 1151 1561 1224 (Psai.
1575 1150 1612 1224 c).
1693 1220 1696 1226 ¹

135 1276 207 1330 enim
219 1271 314 1325 ridens
325 1264 473 1337 principem
485 1259 528 1315 uel
537 1258 656 1330 judicem
670 1270 759 1320 strum,
772 1263 800 1307 ct
812 1253 923 1321 loquens
1271 1241 1384 1346 CAPUl'
1403 1241 1472 1346 hx:

134 1381 196 1421 cnm
219 1378 262 1427 cn,
283 1359 364 1416 audet
383 1353 474 1426 uagari
496 1350 581 1407 oculis
600 1357 628 1404 et
642 1347 771 1402 aliorsum
791 1344 912 1414 aspicere
1196 1335 1235 1390 De
1249 1343 1531 1435 reuerentra'orancnrs
1627 1424 1635 1437 .

135 1462 236 1525 quatita
251 1451 337 1520 magis
352 1448 397 1518 qui
411 1444 516 1500 accedit
529 1440 563 1495 ad
576 1438 718 1494 Dominum
734 1447 867 1503 nusquam
879 1432 925 1486 dc·
1010 1425 1039 1482 Si
1058 1443 1117 1480 carn
1137 1425 1284 1480 hamanitas
1301 1424 1448 1528 patentibus
1463 1423 1582 1528 salamas
1598 1423 1687 1497 alapam
1704 1444 1770 1500 η’.

137 1546 181 1602 bet
195 1557 304 1599 morere
322 1539 428 1597 oculum
441 1533 540 1594 cordis,
556 1530 603 1585 scd
617 1529 736 1581 intentus
749 1539 810 1578 esse
824 1523 850 1576 iu
863 1535 924 1576 eum
973 1534 1070 1591 perere,
1080 1517 1374 1620 nonprccsamintasnrsr
1386 1515 1599 1621 cambpmrlrtate
1611 1526 1636 1575 et
1650 1534 1770 1626 reserem

136 1635 181 1706 qui
196 1640 334 1689 scrutatur
348 1642 427 1684 renes
440 1633 468 1680 et
481 1621 578 1678 corda!
589 1617 701 1686 Quando
715 1615 785 1668 enirn
801 1628 849 1683 pro
862 1626 925 1682 pee-
975 1609 1012 1663 tin
1022 1623 1032 1662 .·
1041 1619 1139 1680 quanta
1150 1608 1232 1679 napis
1244 1608 1353 1662 Dnmrno
1368 1608 1422 1663 Dea
1434 1626 1613 1664 ansoersartan
1623 1628 1682 1666 cam
1695 1628 1769 1667 amns

135 1725 205 1782 catis
229 1722 327 1777 nostris
350 1716 489 1773 humiliter
511 1709 701 1781 supplicamus,
724 1703 758 1759 ad
781 1701 924 1756 bantinum
938 1687 962 1747 B
976 1698 1121 1752 ttrrmiiitcte
1136 1707 1160 1752 et
1174 1699 1296 1770 paritatis
1309 1697 1443 1752 deuotione
1456 1696 1658 1769 mppttcantun
1670 1710 1723 1754 est.
1739 1699 1770 1756 Si

137 1831 186 1871 ,ως
198 1815 224 1867 10
244 1813 270 1866 ,q
284 1808 483 1866 memmimus,
977 1785 1129 1841 homiuibus
1151 1786 1305 1842 carnalibus
1328 1785 1380 1841 nisi
1403 1800 1465 1841 cam
1486 1787 1637 1844 humilitate
1661 1805 1715 1845 non
1740 1789 1772 1846 lit

172 1907 207 1961 Et
225 1830 432 1958 irritabantur
448 1882 564 1948 in'ornni
583 1888 639 1943 laco
657 1884 788 1956 speculari
808 1883 888 1936 hortas
902 1892 926 1935 et
975 1877 1167 1948 precationum
1179 1875 1309 1931 beneficia
1320 1891 1367 1932 eos
1377 1876 1467 1951 aliqua
1476 1879 1632 1953 temporalia
1645 1881 1769 1951 postola-

136 1995 236 2050 malos·
261 1992 374 2046 manime
398 1997 484 2041 tamen
507 1983 555 2037 trac
578 1980 634 2034 sine
656 1975 745 2046 atiqaa
767 1972 927 2026 dubitatione
976 1965 1714 2038 mus,quantomagisconuenitutpropeccatisnostris
1729 1971 1771 2028 rel

137 2036 284 2146 credamus,
302 2097 361 2136 curn
380 2078 414 2131 nd
429 2091 492 2146 apos
511 2071 627 2126 dioirram
642 2065 798 2121 assistimus.
819 2060 852 2114 Et
867 2059 927 2115 ideo
976 2056 1140 2114 facinoribus
1153 2059 1239 2123 amni,
1250 2073 1302 2129 qua
1314 2074 1468 2128 passumus,
1479 2058 1616 2116 Christum
1629 2077 1713 2133 prece
1728 2079 1769 2117 ro·

139 2158 234 2230 tintere
248 2174 377 2228 debenms
395 2183 429 2222 ne
446 2165 516 2220 sorte
536 2161 558 2218 si
579 2157 695 2228 aliquid,
716 2155 785 2226 quod
801 2153 927 2224 petimus,
977 2162 1081 2220 gemus.
1098 2147 1174 2202 Nnttr
1191 2163 1256 2220 erga
1271 2148 1352 2205 debet
1365 2164 1424 2206 esse
1438 2151 1466 2205 in
1478 2153 1600 2208 orahane
1612 2152 1771 2225 duplicitas.

138 2255 296 2334 cogitamus,
312 2260 411 2313 «livine
430 2251 581 2324 majestati,
598 2261 661 2304 ante
674 2261 754 2317 quam
770 2254 842 2299 stare
855 2243 929 2299 vidc-
977 2236 1035 2293 Non
1054 2254 1123 2294 unus
1141 2238 1168 2293 in
1183 2254 1242 2304 ore,
1257 2239 1326 2294 alter
1340 2240 1368 2295 in
1385 2241 1465 2297 corde
1482 2243 1645 2299 inveniatur.
1660 2244 1774 2301 Puritas

139 2370 200 2408 mm
226 2351 351 2420 injuriam
366 2348 506 2402 iaciamus.
978 2329 1070 2385 cordis
1083 2332 1174 2384 omnia
1187 2331 1253 2385 vitia
1269 2330 1401 2399 excludit,
1417 2348 1512 2389 omnes
1526 2335 1641 2391 virtutes
1653 2335 1772 2391 obtinet.

173 2394 238 2496 laico
256 2455 356 2510 semper
374 2451 499 2491 arcatores
520 2432 601 2486 simas
619 2428 689 2500 qnod
708 2427 745 2480 ait
764 2422 896 2496 Propheta
918 2436 928 2474 .·
977 2420 1096 2477 Letetur
1111 2438 1159 2479 cnr
1174 2425 1354 2494 quarentium
1370 2425 1524 2493 Dominum,
1537 2427 1600 2498 qaia
1617 2429 1653 2484 ihi
1667 2439 1712 2485 est
1725 2430 1775 2485 ba·

141 2532 243 2589 Seroite
255 2530 365 2585 donnino
379 2530 407 2582 in
422 2529 513 2580 timore
525 2522 612 2596 (Psal.
625 2521 667 2593 u).
681 2521 716 2576 lit
728 2522 821 2574 iterum
833 2532 842 2569 :
856 2515 930 2571 Psal-
979 2511 1127 2567 hitaculum
1149 2513 1267 2585 Spiritus
1289 2516 1376 2570 sanati
1390 2514 1436 2571 ubi
1453 2516 1533 2572 inerit
1551 2519 1656 2590 puritas
1669 2521 1772 2577 cordis.

138 2624 184 2677 lite
201 2623 331 2692 supienter
350 2616 441 2690 (Psoi.
463 2613 553 2685 atur).
575 2613 613 2667 Ea
629 2625 694 2683 erga
712 2623 818 2677 semper
837 2607 929 2676 lingua
980 2600 1254 2673 Undeetseqaitur:
1412 2698 1418 2713 ι
1500 2701 1505 2711 Ι
1636 2703 1642 2713 1

139 2706 260 2787 proterat
271 2727 332 2782 qum
346 2706 484 2765 Conditori
496 2704 629 2774 placeant,
640 2701 717 2771 juxta
731 2698 796 2754 illud
809 2696 928 2753 Psalmo·
1015 2694 1050 2749 Et
1062 2711 1115 2749 nan
1128 2696 1154 2750 iu
1165 2694 1341 2770 multiloquio,
1352 2698 1398 2753 sed
1409 2716 1436 2754 ur
1446 2710 1559 2800 purttate
1569 2702 1656 2758 sortist
1667 2713 1693 2757 et
1704 2718 1776 2759 earn·

140 2801 235 2875 graphi
255 2799 418 2870 praeconium
440 2813 447 2849 :
470 2794 579 2856 Seroite,
602 2789 704 2861 inquit,
726 2787 839 2842 Domino
854 2787 882 2839 in
897 2786 930 2839 ti·
979 2785 1120 2856 punctione
1135 2784 1312 2858 lacrpmararn
1326 2805 1372 2844 nos
1383 2788 1505 2855 csaadirr
1522 2791 1646 2847 sciamm.
1661 2791 1699 2848 tn
1712 2794 1774 2849 ideo

139 2908 221 2955 amre,
240 2899 263 2944 et
279 2887 407 2942 exsultate
421 2884 444 2939 ci
460 2900 519 2938 carta
537 2891 657 2936 tranare.
677 2878 753 2935 Tune
771 2892 835 2948 crgo
849 2875 930 2933 Crca-
979 2873 1062 2930 breuis
1073 2874 1147 2930 debet
1157 2893 1212 2930 esse
1224 2887 1249 2932 et
1261 2895 1328 2949 pura
1339 2881 1434 2934 oratio.
1448 2878 1511 2936 ldeo
1520 2881 1611 2938 brevis
1622 2883 1703 2939 dehet
1716 2884 1776 2940 beri

121 2962 191 3037 *tori
206 2981 325 3036 timendo
336 2978 463 3041 servitur,
474 2975 496 3030 si
507 2973 682 3044 apushonum
692 2970 796 3026 deuotis
804 2966 928 3024 laudibus
979 2967 1076 3034 oratio,
1096 2983 1131 3024 ne
1150 2982 1198 3038 per
1216 2968 1385 3025 occasionem
1403 2970 1507 3042 prolixa
1525 2973 1657 3031 arationis
1673 2976 1776 3032 ahdor-

138 3069 269 3142 luagitar,
282 3071 352 3124 sicut
367 3067 430 3122 alibi
443 3082 492 3138 par
504 3064 676 3119 Psalmistam
690 3061 806 3116 dicitur:
821 3056 930 3114 Psallits
943 3031 965 3094 C
980 3057 1077 3124 miant,
1089 3066 1136 3113 aut
1147 3057 1216 3114 iorta
1231 3052 1275 3114 diu
1286 3059 1407 3130 jacentes
1419 3061 1541 3119 diabolus
1553 3063 1594 3118 eis
1605 3074 1669 3138 ante
1680 3065 1778 3125 octdns

139 3162 280 3232 sapienter.
294 3157 435 3228 Sapienter
450 3155 550 3210 etenim
564 3154 678 3223 quisque
694 3152 791 3220 psallit,
806 3151 931 3222 quirnea
980 3148 1086 3206 diversa
1097 3149 1213 3222 ingerat,
1225 3151 1267 3207 vel
1279 3151 1395 3209 incorde
1405 3153 1478 3209 aliud
1497 3155 1695 3214 subministret.
1702 3160 1777 3232 Erga

142 3250 262 3306 lnudanti
278 3248 365 3302 trariis
377 3245 503 3316 operibus
516 3260 569 3298 nan
581 3243 759 3310 contradicit;
775 3250 802 3297 et
814 3242 931 3314 qualiter
980 3249 1086 3314 oportet
1095 3256 1176 3298 arare
1186 3259 1246 3299 curn
1258 3244 1354 3301 timore
1364 3246 1530 3318 suppliciter,
1539 3257 1570 3304 ut
1578 3251 1625 3320 qni
1634 3260 1698 3308 orat
1706 3269 1779 3325 pra·

90 3370 96 3382 ·
140 3350 264 3417 oporteat
278 3340 374 3396 divium
386 3336 514 3409 potentiae
527 3335 650 3392 famulari
664 3334 779 3392 sollicita
793 3351 860 3392 cura
873 3351 931 3390 om-
980 3333 1065 3390 sentis
1076 3333 1175 3392 Christi
1185 3335 1310 3391 videatur
1321 3338 1403 3408 pedes
1415 3340 1561 3395 tenereht
1570 3356 1632 3398 cnut
1642 3350 1721 3400 unta
1730 3345 1779 3403 de·

141 3432 223 3501 nique
239 3429 329 3486 studio
347 3428 529 3500 prosequitur.
553 3425 597 3481 Sic
615 3441 679 3498 crgo
690 3441 767 3481 mens
780 3435 872 3480 nostra
888 3423 931 3480 in·
961 3423 1076 3493 ‚bemm
1088 3440 1167 3481 arare
1180 3427 1288 3493 timore,
1304 3436 1336 3482 ut
1348 3444 1543 3500 cognoscamus
1558 3433 1622 3504 quia
1638 3449 1704 3491 cum
1718 3436 1777 3495 ltcn

142 3532 215 3579 tenta
226 3520 260 3576 ad
272 3520 439 3590 psallentium
450 3519 567 3583 incedat,
578 3516 694 3587 qualiter
704 3516 777 3572 nullo
786 3517 931 3589 praepedita
982 3511 1126 3584 loquimur.
1139 3514 1193 3570 Nec
1203 3531 1232 3570 se
1243 3517 1270 3570 in
1282 3517 1452 3588 multiloquio
1463 3521 1614 3591 quisquam,
1626 3525 1674 3580 sed
1685 3527 1778 3595 potins

142 3612 279 3671 secularis
292 3610 419 3666 desiderii
433 3608 583 3673 obstaculo,
599 3607 671 3663 nullo
687 3607 815 3678 temporis
827 3606 932 3662 fuscata
981 3602 1009 3658 in
1027 3604 1144 3672 puritate
1158 3604 1248 3660 cordis
1272 3614 1300 3660 et
1312 3605 1494 3682 lacrymarum
1507 3613 1630 3668 ubertate
1649 3617 1776 3674 exaudiri

141 3700 222 3764 uitia,
244 3697 291 3753 sed
310 3712 417 3766 semper
437 3697 540 3750 intenta
561 3695 588 3749 in
606 3695 761 3750 coelestibus
781 3694 933 3749 humilitate
982 3691 1779 3778 credat.Noaenimlangaearationisprolinitas,sedprorn-

143 3804 176 3843 ac
194 3787 312 3858 puritate
335 3786 588 3856 promptissimaque
610 3785 751 3839 deraaone
771 3795 876 3850 arrtata,
898 3785 932 3840 ad
981 3783 1140 3851 prementis
1148 3783 1395 3856 intentiopietatem
1405 3789 1775 3862 clementisjadicisescitat.

143 3883 242 3931 asterm
256 3875 365 3945 prmmia
379 3874 520 3945 pervenire
530 3873 685 3927 contendat.
697 3871 743 3927 Sic
753 3889 852 3943 corpus
861 3888 934 3928 corrr-

144 3968 316 4038 punctiouem
335 3965 446 4037 flagret,
462 3964 578 4034 qualiter
591 3963 618 4018 iu
635 3980 664 4019 se
677 3963 814 4019 Crantoris
828 3964 933 4019 miscri-

144 4060 263 4114 cordiam
281 4059 390 4114 excitet.

180 4151 213 4204 tt
233 4165 242 4202 :
263 4148 297 4205 ln
319 4157 456 4219 conspecta
478 4147 629 4217 onpelornnt
648 4146 761 4218 psallam
781 4147 826 4201 tibi
845 4144 931 4218 (Psoi.

143 4238 274 4310 currus).
302 4236 387 4292 Tanta
407 4236 486 4292 debet
507 4250 567 4291 esse
584 4236 741 4292 reuerentiae
758 4237 877 4306 gravitas
892 4235 933 4291 uel

982 3873 1120 3930 orandum
1133 3891 1197 3947 erga
1214 3893 1321 3948 semper
1335 3888 1391 3947 est,
1408 3893 1436 3937 ut
1452 3883 1581 3956 largiatur
1593 3888 1778 3960 delinquenti·

982 3965 1033 4021 bus
1043 3966 1160 4033 veniam,
1173 3969 1219 4038 qui
1236 3968 1373 4042 languenti
1393 3976 1492 4031 munda
1505 3992 1553 4047 per
1565 3981 1658 4037 crucis
1671 3983 1779 4054 passio·

982 4071 1045 4112 nem
1059 4055 1177 4112 irriuurlit
1189 4059 1349 4117 medicinam
1362 4080 1368 4115 :
1381 4063 1454 4120 salus
1468 4067 1560 4123 mundi
1570 4078 1686 4137 aemrna,
1696 4071 1779 4129 Chri·

982 4156 1041 4204 stas
1053 4147 1131 4204 iesus
1142 4149 1273 4207 Dominus
1286 4161 1389 4209 noster.

1020 4238 1081 4293 Nisi
1091 4238 1157 4309 {orte
1166 4257 1198 4295 ex
1209 4241 1306 4312 affectu
1317 4243 1495 4315 inspirationis
1505 4248 1601 4305 diainae
1610 4254 1705 4322 pratia
1715 4272 1778 4324 pro·

144 4328 283 4398 disciplina
297 4327 445 4399 psallendi,
461 4334 491 4381 ut
507 4324 649 4381 amabilius
663 4341 678 4379 a
693 4327 808 4381 Domino
820 4341 902 4395 quam
916 4341 932 4381 a
946 4330 1114 4426 Dauduana.
1129 4329 1163 4385 ln
1175 4343 1299 4388 consents
1314 4343 1402 4390 tamen
1415 4339 1520 4393 amsans
1533 4340 1665 4397 brerietstr
1679 4346 1775 4400 aratio.

145 4417 222 4472 nobis
239 4415 346 4481 dicitur,
362 4418 496 4482 erudiatur,
515 4416 585 4470 sicut
599 4416 637 4469 ait
652 4414 790 4486 Scriptura
811 4437 817 4470 :
837 4417 932 4473 Enitar
982 4417 1098 4490 ideoque
1110 4436 1174 4493 ergo
1192 4423 1278 4477 nostri
1295 4422 1391 4480 Patres
1408 4425 1509 4483 utiliter
1523 4429 1610 4498 ipsam
1624 4433 1777 4490 arathae·

146 4505 266 4558 matutini
279 4513 304 4559 et
315 4521 425 4576 aespcrrc
440 4505 580 4559 delectabis
595 4504 682 4576 (Psal.
699 4505 781 4579 artu).
799 4507 833 4562 Et
845 4508 908 4564 item
923 4526 930 4563 :
982 4507 1064 4563 celeri
1076 4509 1130 4566 tine
1141 4510 1264 4566 concludi
1275 4509 1426 4580 jusserunt,
1439 4531 1472 4571 nc
1483 4514 1554 4573 sarta
1568 4519 1778 4579 immorantibus

147 4589 255 4646 l'satlitc
266 4592 376 4647 barsina
387 4595 516 4664 sapienter
525 4591 611 4663 (Psoi.
623 4592 706 4665 stur).
717 4595 787 4664 Erga
798 4597 933 4666 sapienter
983 4600 1095 4662 nobisrin
1106 4617 1138 4656 ea
1148 4603 1269 4672 quaedam
1280 4604 1370 4667 tussis,
1382 4605 1424 4660 uel
1436 4605 1596 4679 phlegmatis
1607 4609 1778 4682 aliarumque

145 4689 172 4732 ct
186 4695 247 4733 cum
265 4681 360 4735 timore
374 4680 452 4749 jubet
466 4682 542 4752 psalli
560 4701 566 4736 ε
587 4692 692 4753 oportet
706 4684 862 4755 psallentem
882 4687 933 4742 irn-
982 4704 1073 4747 terum
1092 4691 1274 4762 interrumpat
1293 4695 1432 4765 strepitus,
1452 4704 1480 4751 et
1499 4697 1563 4752 dam
1581 4699 1672 4756 adhuc
1692 4700 1779 4758 ferret

147 4768 240 4821 mobili
254 4783 378 4839 corpore,
395 4772 523 4828 inclinata
538 4774 625 4842 capite
639 4783 723 4840 stare,
736 4785 763 4830 et
777 4775 869 4831 landes
881 4778 933 4832 ba-
981 4781 1078 4844 aratia,
1093 4782 1168 4837 velut
1179 4798 1213 4839 ex
1226 4781 1349 4840 lancibus
1363 4785 1463 4842 diaboli
1476 4787 1606 4844 velociter
1618 4792 1776 4860 recipiatur.

147 4857 221 4911 mino
231 4860 368 4916 moderate
378 4877 490 4929 cancre;
500 4866 652 4935 quippeqni
664 4866 844 4923 ministeriam
855 4885 933 4926 suum
984 4869 1046 4938 Qui,
1061 4886 1123 4926 cum
1138 4872 1216 4927 uobis
1230 4887 1337 4944 semper
1354 4873 1390 4929 sit
1402 4873 1526 4942 infestas,
1541 4884 1607 4932 tunc
1622 4893 1706 4948 qnam
1722 4896 1778 4935 raa·

148 4952 211 4999 aute
223 4946 393 5004 biriuitatem
409 4952 510 5022 implet,
524 4954 635 5009 docente
650 4955 701 5010 hoc
713 4954 857 5025 Propheta,
873 4973 933 5012 aum
983 4958 1056 5015 xime
1074 4960 1178 5016 assistit
1191 4959 1314 5028 infestus,
1330 4979 1392 5019 cnm
1406 4979 1455 5020 uos
1471 4965 1543 5020 intra
1555 4982 1586 5022 se
1603 4966 1705 5026 offerre
1718 4985 1778 5040 prc-

148 5034 213 5089 dicil
232 5052 239 5088 :
262 5036 292 5090 ln
315 5051 451 5110 conspecta
474 5043 625 5113 angelornm
648 5044 759 5115 psallam
780 5046 826 5100 tibi
846 5047 932 5120 (Psal.
984 5066 1029 5108 aes
1050 5053 1162 5108 Domino
1180 5054 1293 5121 viderit,
1315 5055 1447 5113 festinans
1467 5066 1588 5115 mentem
1605 5070 1730 5119 nostram
1744 5062 1777 5118 ab

147 5126 278 5196 cxxxuu).
294 5127 360 5183 Nam
373 5133 544 5189 carisiderarc
556 5135 636 5191 dehet
646 5136 692 5206 qui
704 5137 804 5208 psallit,
818 5154 932 5211 scrisper,
985 5143 1132 5199 intentione
1148 5145 1289 5211 cratonis,
1309 5155 1356 5201 aut
1368 5147 1576 5219 cogitationibus
1590 5160 1637 5207 ant
1652 5153 1777 5210 excitatis

148 5231 181 5269 ue
194 5216 246 5271 alio
259 5233 353 5273 sensus
367 5220 425 5290 ejus
437 5221 583 5294 demigret3
600 5242 633 5281 nc
646 5243 707 5282 cum
721 5230 747 5282 in
765 5229 845 5284 aliam
860 5231 934 5300 cogi·
986 5233 1144 5289 humoribus
1158 5250 1295 5291 revocare.
1315 5237 1462 5307 Propterea
1477 5255 1542 5312 ergo
1556 5242 1655 5298 breves
1669 5243 1777 5313 quidem

149 5311 276 5373 tationem
297 5327 392 5368 sensus
407 5316 491 5368 nostri
509 5318 700 5388 migraverint,
719 5321 753 5376 de
772 5323 849 5378 nohis
865 5324 937 5378 (licat
985 5325 1131 5388 orationes,
1153 5326 1200 5381 sed
1219 5325 1375 5397 trequentes
1394 5327 1453 5385 lleri
1472 5329 1567 5386 Pnt'rcs
1588 5334 1677 5388 ntsstri
1690 5332 1776 5402 iusse-

149 5397 235 5454 beus:
249 5397 367 5471 Papulas
379 5403 427 5457 iste
441 5402 516 5458 labiis
528 5421 569 5461 nse
585 5409 705 5475 honorat,
723 5429 769 5466 cor
780 5421 866 5467 autern
879 5413 935 5482 ejas
985 5423 1057 5471 rant.
1070 5415 1180 5482 breves,
1193 5414 1254 5472 ideo
1265 5427 1296 5472 nt
1306 5419 1418 5476 insidias
1428 5421 1528 5478 diaboli
1541 5423 1701 5482 insistentes
1715 5434 1778 5481 tans

148 5485 223 5558 inape
235 5499 301 5545 esta
318 5508 358 5546 me
372 5492 440 5565 (lsa.
456 5503 539 5567 surr).
985 5505 1131 5575 praecipue,
1145 5521 1206 5561 cnm
1220 5520 1339 5573 oramus,
1355 5509 1382 5565 in
1396 5509 1454 5579 ipsa
1467 5511 1601 5568 brevitate
1614 5514 1707 5571 ritare
1718 5527 1779 5586 pas·

143 5628 148 5639 ,
184 5578 255 5651 Erpa
276 5583 467 5640 consideremus
486 5587 600 5658 qualiter
622 5599 737 5659 oporteat
759 5609 804 5647 nos
826 5601 852 5648 tn
874 5613 935 5650 carr·
985 5597 1079 5652 simus.
1091 5595 1112 5653 F
1116 5605 1257 5667 sequentes
1270 5606 1369 5668 autern,
1381 5602 1440 5657 idco
1452 5609 1481 5658 ut
1493 5619 1541 5674 per
1553 5605 1641 5674 ipsam
1655 5605 1779 5678 tamnen·
