3810 6120
150 322 216 380 115
580 316 837 378 coniectiones
857 321 890 378 ln
909 323 1098 382 EPlSmMS
1116 326 1161 381 ET
1179 328 1387 386 svuucsbtl.
1739 342 1791 402 lll

164 457 175 488 ι
199 452 269 493 mus.
289 436 358 492 Cum
383 443 473 490 antem
500 436 604 491 venerit
631 439 703 507 qnod
718 437 865 508 perlectum
884 447 945 500 est,
962 438 1132 504 Amembre,
1145 440 1287 509 etspccies
1302 443 1453 497 charitatis.
1476 441 1553 498 Sicut
1565 447 1611 515 qui
1623 448 1740 520 diligvmt
1756 452 1791 509 li·

163 530 375 590 revaeuabitur
415 529 487 598 quod
503 536 628 599 exparte
640 538 692 585 est.
709 530 777 586 Gnru
788 546 877 588 mrem
888 547 950 603 par-
1001 527 1061 593 lies,
1073 542 1269 584 emneseomm
1281 532 1414 600 patienter
1427 541 1538 602 portant
1552 533 1676 605 injurias,
1692 540 1729 595 ita
1743 542 1791 613 qui

162 643 175 676 a
196 624 288 688 vuius,
311 621 444 691 loquebar
461 628 491 675 ut
513 622 662 691 parvulus,
681 621 820 693 replebam
841 630 871 676 nt
888 637 950 692 par-
1000 617 1041 674 vel
1059 618 1214 687 proximum
1228 618 1271 675 rel
1292 620 1377 676 Deum
1391 621 1493 694 diligit.
1520 625 1625 694 nullius,
1645 637 1790 701 superatur

162 715 289 778 evulus.
310 713 464 785 cogitabam
495 718 525 767 ul
554 712 692 781 parvulus.
724 711 837 779 Quando
860 720 950 769 autem
1000 704 1119 777 iniuriis.

160 825 173 858 a
193 803 284 862 laetus
294 818 355 859 sum
369 802 421 866 vir,
434 803 564 858 evacuavi
579 817 639 872 quae
651 809 730 858 eram
742 802 857 872 parvuli.
871 802 951 859 tidc-
1035 797 1221 856 cucurrerunt
1233 803 1382 857 morimur.
1406 801 1556 863 AEmnlntio
1578 816 1607 867 et
1634 808 1750 869 imitatio
1762 819 1792 870 er

161 915 171 948 a
193 907 341 951 manuue
352 907 404 962 per
417 890 556 961 speculum
570 891 599 946 in
612 892 765 961 aenigmate,
783 900 847 949 tuuc
859 900 950 949 autem
1000 889 1147 945 invidentia
1158 890 1327 963 intelligitur.
1343 893 1461 951 lmilatio
1475 895 1521 953 ubi
1532 897 1570 952 ait
1584 915 1591 955 r
1612 897 1789 967 AEmulamlni

161 1005 171 1037 e
195 983 267 1039 iaeie
282 982 317 1038 ad
336 979 445 1036 larium.
464 979 543 1037 Nuus
560 996 695 1054 comesse
717 998 752 1039 ex
769 991 866 1053 perte,
886 991 951 1038 tunc
999 980 1164 1037 charismata
1178 983 1301 1039 meliora.
1316 984 1367 1041 llic
1380 994 1469 1042 antem
1481 1004 1532 1058 pre
1542 990 1690 1049 invidentia
1703 993 1786 1053 dicit:

160 1097 172 1130 a
193 1084 285 1132 autern
298 1087 459 1145 cognoscam
482 1072 721 1144 sicutetcngnitus
732 1090 802 1130 snm.
814 1074 891 1130 Nunc
902 1091 950 1129 au-
999 1069 1126 1129 Charitas
1137 1087 1192 1127 nen
1204 1074 1355 1141 aemnlatnr,
1370 1075 1463 1144 idest,
1484 1079 1550 1134 nulli
1575 1079 1688 1138 invidet.
1702 1081 1788 1141 Nemo

159 1186 171 1220 a
193 1174 249 1223 tem
260 1170 381 1229 manent,
397 1161 473 1220 seer.
487 1178 560 1233 spes,
573 1164 704 1231 ebaritas,
717 1167 770 1221 tria
783 1166 953 1238 lraee,1aajor
1000 1161 1072 1216 enim
1082 1162 1130 1228 illi.
1142 1177 1223 1232 quem
1234 1180 1297 1221 vere
1307 1165 1403 1238 diligit,
1415 1167 1523 1235 invidit,
1531 1169 1716 1245 cujuscunque
1725 1190 1787 1233 eum

160 1280 171 1314 r
192 1271 285 1318 autem
300 1259 344 1314 bis
358 1265 402 1313 est
418 1255 549 1312 ebaritas.
565 1274 575 1308 r
999 1253 1092 1324 glorie
1104 1254 1196 1311 videat
1207 1256 1250 1311 vel
1262 1257 1393 1324 bonoris,
1412 1260 1461 1315 sed
1474 1275 1582 1317 omnem
1602 1263 1661 1336 ejus
1673 1264 1788 1323 rebeu-

194 1351 226 1408 si
239 1349 337 1420 linguis
361 1349 498 1403 lominum
512 1346 607 1417 loquer
621 1355 646 1401 et
665 1346 829 1418 nnqelornnr.
849 1346 879 1402 ln
906 1348 950 1403 bis
1000 1352 1073 1410 tem,
1092 1346 1169 1416 quasi
1184 1361 1261 1402 suam
1279 1345 1395 1403 libenter
1408 1349 1592 1419 amplectitur.

156 1439 227 1495 locis
239 1439 294 1493 boc
317 1436 410 1492 studet
423 1434 581 1506 Apostolus,
596 1443 627 1490 ut
637 1435 702 1505 qnia
716 1434 838 1490 nonnulli
851 1451 950 1508 magne
1035 1436 1097 1490 Non
1111 1437 1164 1507 egit
1177 1453 1324 1507 perperam.
1338 1437 1484 1508 Perperam
1499 1439 1626 1496 dicuntur
1636 1459 1691 1500 nen
1701 1452 1786 1512 recu,

157 1525 296 1584 desiderio
313 1525 490 1595 requirebant
515 1525 586 1580 dona
600 1524 766 1594 linguarum,
796 1524 848 1580 illis
873 1523 950 1581 beni·
999 1531 1046 1587 sed
1058 1531 1280 1600 perverse,qnod
1293 1531 1413 1586 ebaritas
1425 1547 1478 1588 uon
1491 1530 1557 1604 agit,
1566 1535 1628 1603 quia
1638 1534 1728 1593 omni,
1740 1553 1787 1593 κ.

156 1617 286 1688 1111111111
306 1613 435 1685 listserit
451 1612 671 1683 charitatisque
686 1614 715 1667 111
726 1613 844 1682 uroximi
861 1612 950 1671 chari·
998 1622 1117 1676 cnndnrn
1130 1620 1253 1677 ordinem
1268 1619 1344 1687 lacit,
1358 1632 1386 1676 et
1399 1622 1669 1682 omncvitiumleras
1678 1625 1787 1696 penitus

157 1716 215 1761 tate
225 1705 401 1778 prolicerent,
414 1704 477 1774 qnia
488 1704 565 1773 signa
578 1712 689 1775 proptor
700 1703 824 1760 infideles
838 1705 946 1772 dantur,
998 1710 1128 1765 excludit.

156 1797 277 1852 ebaritas
290 1810 356 1852 vero
373 1794 484 1867 angeles
494 1794 625 1850 imitatur.
958 1781 983 1840 Β
1032 1796 1095 1854 Nou
1118 1799 1237 1871 instetur.
1254 1799 1335 1856 idest
1349 1800 1378 1855 in
1394 1801 1632 1874 superbiamque.
1645 1811 1786 1863 materest

190 1885 215 1940 F
215 1896 290 1942 actm
304 1903 365 1942 rans
375 1886 443 1942 uelut
457 1885 651 1941 erueremini
663 1894 716 1952 est,
729 1887 802 1956 quod
816 1903 870 1943 nen
881 1902 944 1958 per-
995 1890 1132 1957 viderem,
1149 1907 1204 1947 non
1216 1892 1355 1947 extollitur
1367 1932 1375 1957 ,
1388 1894 1453 1963 qnia
1475 1893 1670 1963 plenitudinem
1694 1895 1786 1952 studet

156 1978 225 2033 tinet
236 1978 270 2033 ad
281 1976 385 2047 aliquid
397 1978 495 2033 animae
505 1976 846 2043 commodum,sedselum
856 1977 945 2035 reddit
994 1981 1134 2051 possidere
1149 1981 1292 2036 virtutum.
1388 2032 1392 2040 ,

155 2070 214 2125 siue
228 2068 347 2125 utilitate
359 2068 504 2124 tinnitum.
1030 2071 1137 2144 (Vslq.)
1159 2071 1252 2128 lledru
1276 2072 1326 2128 iste
1349 2072 1495 2129 locutionis
1514 2072 1728 2130 considerandus
1742 2083 1785 2130 est

193 2160 230 2215 se
256 2162 281 2216 si
307 2162 424 2216 tabuere
436 2161 622 2232 prophetiam,
641 2171 666 2216 et
685 2164 800 2218 nouerim
818 2162 944 2234 mysteria
994 2163 1147 2231 diligenter.
1162 2161 1220 2217 Non
1240 2163 1313 2218 enirn
1325 2178 1375 2232 per
1388 2177 1418 2219 se
1442 2162 1501 2232 ipsa
1513 2161 1643 2228 ebaritas,
1669 2171 1716 2217 eut
1728 2177 1784 2219 nen

154 2255 244 2308 omniu
262 2262 288 2308 et
311 2268 412 2307 emnem
434 2253 581 2308 scientium.
601 2253 748 2324 Prophetis
768 2271 830 2325 qnae
853 2253 944 2310 lutura
993 2254 1236 2325 temularipeterit,
1248 2262 1295 2308 aut
1308 2269 1362 2308 nen
1375 2253 1482 2320 indari,
1502 2255 1550 2310 sed
1570 2254 1661 2310 omnis
1683 2255 1782 2324 bomo,

154 2344 330 2414 pronuntiat,
344 2341 454 2399 murrea
468 2344 741 2415 mysteriorumque
755 2345 861 2402 ecenlta
876 2359 943 2417 ape-
994 2344 1040 2414 qui
1062 2341 1183 2413 ejusdem
1206 2343 1238 2398 lit
1258 2342 1395 2414 particeps
1417 2343 1577 2409 charitatis,
1595 2359 1648 2399 nen
1675 2342 1785 2400 inflatur

155 2434 193 2488 rit
217 2428 434 2504 scripturarum,
462 2434 521 2491 baec
541 2449 639 2506 magna
664 2450 714 2506 per
737 2450 768 2492 se
794 2444 880 2503 sunt,
894 2436 944 2493 sed
993 2451 1082 2507 neque
1097 2435 1248 2501 emulatur,
1269 2449 1378 2501 revera,
1399 2444 1430 2490 ut
1450 2435 1536 2505 ipsius
1552 2435 1695 2492 charitatis
1708 2436 1780 2495 dene

155 2524 285 2580 charitati
299 2532 472 2594 comparata,
487 2525 525 2580 ita
547 2534 576 2581 et
591 2527 696 2583 meritis
712 2535 776 2598 pest
788 2537 943 2598 ponuntur,
994 2529 1105 2585 ditatus.
1122 2529 1161 2583 Ee
1185 2527 1266 2583 mede
1279 2527 1423 2584 locutionis
1451 2527 1515 2584 alibi
1530 2526 1615 2582 utitur
1636 2526 1782 2599 Apostolus

152 2625 180 2670 nt
195 2615 254 2671 sine
266 2630 299 2670 ea
311 2615 357 2671 diu
370 2624 508 2686 nequeant
519 2616 666 2687 possideri,
683 2617 721 2671 ito
731 2631 798 2688 erge
810 2618 869 2672 sine
879 2616 944 2673 cba-
994 2619 1109 2676 dicens:
1129 2617 1214 2682 Eum,
1233 2618 1348 2688 quinon
1368 2625 1482 2674 neverat
1491 2625 1634 2687 peecatum
1645 2658 1654 2684 ,
1667 2633 1718 2688 pro
1734 2633 1783 2675 ne

153 2706 235 2760 ritate
246 2721 343 2776 parum
361 2705 440 2762 utilia
452 2707 637 2762 inveniuntur.
651 2705 779 2762 ebaritas
796 2720 861 2763 vere
871 2706 943 2763 intra
993 2709 1036 2765 bis
1048 2717 1191 2779 peccatum
1205 2707 1285 2774 lecit,
1301 2714 1331 2764 nt
1355 2723 1406 2763 nes
1420 2706 1590 2764 edicerentur
1609 2707 1717 2780 justitia
1735 2707 1784 2765 bet

154 2809 185 2849 se
210 2796 292 2850 etiam
312 2795 365 2852 ista
386 2795 597 2867 complectitur,
622 2811 676 2851 nou
704 2796 803 2852 mirum
827 2804 892 2863 est,
919 2797 943 2854 si
993 2800 1105 2871 inipso,
1127 2797 1709 2867 dumnonjustitiacredentesefficiamur,
1736 2800 1783 2855 sed

153 2886 347 2942 charismatum
371 2887 496 2958 partibus
518 2886 699 2958 prreieratur,
724 2901 785 2957 quae
813 2887 942 2943 virtutum
992 2891 1136 2962 participes
1147 2887 1276 2959 justitie,
1291 2889 1344 2946 bec
1361 2900 1415 2955 est,
1429 2889 1494 2962 iusti
1508 2888 1648 2960 pcrlldem
1662 2889 1783 2946 invenia-

151 2975 286 3044 perlectie
302 2985 331 3033 et
349 2976 418 3049 legis
442 2986 485 3034 est
508 2976 669 3047 plenitudo,
702 2974 773 3032 sient
791 2975 907 3046 legimus
932 2994 941 3035 t
992 2995 1054 3037 mur
1064 2980 1092 3036 in
1104 2979 1222 3035 Christe.
1236 2978 1383 3034 Peccatum
1392 2990 1457 3033 vero
1471 2976 1547 3042 dicit,
1560 2975 1725 3031 sacrificium
1732 2991 1783 3049 pro

154 3066 295 3123 Plenitudo
313 3068 377 3139 legit
424 3077 462 3123 ert
481 3067 607 3133 dilectio,
626 3076 656 3122 et
678 3067 776 3122 iterum
797 3085 804 3120 :
829 3065 942 3122 Dilectio
992 3080 1117 3145 peccate,
1129 3079 1159 3126 nt
1169 3069 1253 3126 lenias
1263 3071 1303 3126 eit
1323 3089 1330 3124 :
1349 3067 1463 3124 Pecento
1473 3068 1569 3140 pepuli
1573 3069 1624 3122 mei
1635 3068 1781 3135 comedent,

150 3160 265 3230 proximi
279 3158 379 3213 murm
393 3176 446 3214 non
463 3168 596 3230 operetm,
611 3158 863 3228 sinebacqeaelibet
872 3157 941 3214 tides
955 3126 977 3189 C
994 3163 1021 3220 id
1035 3170 1088 3228 est,
1100 3162 1190 3218 oblata
1205 3162 1233 3217 in
1247 3159 1413 3218 sacrilicinm
1424 3175 1473 3231 pro
1483 3167 1606 3229 peccam.

151 3249 252 3306 lubere
264 3251 495 3320 perseverantiam
507 3265 561 3306 nen
572 3257 671 3320 petest,
686 3258 714 3305 et
724 3249 787 3319 quin
798 3248 881 3305 finem
893 3246 942 3304 llu-
1030 3255 1093 3311 Non
1104 3264 1141 3311 ert
1151 3254 1301 3310 ambitioso.
1310 3251 1477 3308 Ambitiusus
1486 3250 1587 3308 (ficitur
1596 3254 1738 3324 superbus,
1748 3269 1784 3311 ee

150 3357 249 3396 uorum
259 3342 288 3397 in
301 3356 397 3398 11111011
415 3341 546 3406 1111111111
559 3339 612 3396 11111
626 3339 743 3396 1111111111·
993 3347 1065 3418 qnod
1077 3342 1641 3415 beneresambim,quedcharitnsnenest,
1653 3344 1783 3415 quiama-

186 3431 222 3487 Et
235 3434 258 3488 ri
273 3431 389 3487 labacro
401 3449 503 3487 emnem
514 3431 605 3500 fidem,
619 3432 658 3487 ite
673 3441 701 3485 ut
715 3440 815 3487 montes
827 3431 942 3502 transle-
989 3436 1034 3507 jer
1044 3437 1173 3493 aliisesse
1182 3451 1236 3491 nen
1248 3435 1343 3501 ambit,
1355 3448 1416 3506 quae
1425 3449 1560 3489 summum
1570 3435 1684 3506 padum
1694 3436 1721 3490 in
1731 3434 1783 3490 bu·

149 3539 227 3589 rum,
246 3523 403 3578 timentem
423 3539 475 3578 nen
493 3522 628 3587 ualuere,
657 3520 722 3577 nibil
739 3538 808 3576 rum.
829 3519 879 3577 llic
900 3522 943 3576 in·
992 3527 1107 3584 militate
1116 3527 1268 3582 constituit.

151 3616 281 3686 telligitur
294 3629 392 3695 magna
409 3613 477 3670 lides
493 3629 564 3679 csse,
584 3629 643 3683 qnae
656 3612 684 3668 in
699 3612 845 3684 Evangelio
856 3626 942 3684 graue
1029 3617 1093 3674 Non
1106 3617 1271 3690 puerisque
1289 3632 1338 3670 rua
1367 3623 1438 3669 runt.
1463 3613 1492 3669 ld
1514 3623 1572 3681 est,
1598 3631 1652 3671 nen
1680 3617 1783 3686 cogitat

150 3706 461 3778 11111110011111111111»
483 3704 556 3775 (111011
579 3719 634 3761 111111
663 3711 776 3774 prepter
804 3701 943 3758 1101111111·
993 3717 1115 3775 tantum,
1134 3708 1206 3777 qued
1223 3705 1275 3762 sibi
1289 3705 1354 3761 utile
1369 3711 1427 3771 est,
1449 3705 1496 3760 sed
1508 3703 1579 3775 qued
1601 3704 1662 3760 aliis
1678 3705 1783 3762 utiliter

150 3809 222 3864 tem,
242 3797 291 3855 sed
307 3804 420 3869 prepter
439 3796 643 3868 integritatem,
675 3794 718 3849 rel
744 3794 867 3866 vigerem
895 3807 942 3864 ap-
993 3799 1135 3856 serviendo
1146 3797 1292 3854 ministret.

149 3892 269 3962 positum
297 3899 352 3947 est.
381 3889 535 3946 Notandum
559 3887 631 3958 qued
650 3887 722 3942 inter
741 3894 840 3944 cetera
858 3885 941 3942 etiam
1028 3885 1780 3960 Nouirritmurddest,alienisiniuriisprovocata,qnin

148 3986 239 4042 omnis
257 3985 344 4053 ddes,
363 3998 424 4056 quae
435 3990 543 4040 montes
561 3980 721 4047 translerat,
736 3980 795 4037 sine
808 3979 941 4037 charitate
992 3981 1027 4036 ab
1041 3995 1074 4038 eo
1085 3995 1165 4051 quem
1176 3979 1263 4052 diligit
1274 3978 1417 4049 provocari
1438 3994 1492 4036 non
1505 3986 1605 4050 petest,
1621 3993 1673 4034 nee
1684 3978 1718 4034 ad
1732 3977 1782 4034 ali-

149 4093 204 4133 uon
220 4077 316 4147 prosit.
992 4087 1073 4146 mam
1087 4071 1241 4143 passionem
1260 4069 1362 4125 mereri

186 4167 256 4222 Etsi
269 4167 427 4222 dntnbuere
447 4167 475 4221 in
487 4165 559 4222 eilm
575 4180 719 4236 pauperum
746 4179 834 4217 enrnes
858 4159 941 4232 [aent-
1027 4160 1090 4216 Neu
1101 4160 1196 4232 copitar
1205 4158 1314 4213 molum.
1325 4156 1386 4212 Neu
1394 4156 1481 4212 selum
1491 4171 1545 4211 nen
1552 4153 1682 4223 faciesne
1693 4172 1781 4213 neco.-

149 4265 217 4310 tater
234 4272 325 4322 meur,
344 4255 406 4310 etri
430 4254 565 4309 tradidere
592 4269 687 4323 corpur
708 4267 814 4317 meum,
845 4251 884 4304 itu
912 4258 940 4304 ut
991 4252 1060 4325 gitat
1069 4252 1189 4323 quidem.
1204 4249 1300 4321 llagna
1310 4250 1398 4331 virtus
1406 4255 1448 4304 est
1462 4247 1593 4316 ebaritas,
1606 4262 1665 4318 qum
1679 4242 1780 4304 malunt

149 4345 278 4410 ameum,
296 4345 452 4400 clarentem
470 4353 559 4398 erstem
581 4360 633 4400 non
649 4344 781 4409 uoluere,
797 4341 862 4398 eilril
875 4341 940 4396 milri
991 4342 1073 4397 etiam
1087 4355 1194 4396 asensn
1208 4337 1383 4411 cogitationis
1399 4335 1530 4392 excludit.
1552 4357 1563 4377 -·

148 4436 265 4507 prodent.
286 4436 449 4493 Distributio
465 4435 644 4502 facultatum,
663 4443 692 4490 et
709 4435 873 4504 contemptio
894 4432 936 4489 ln·
1027 4430 1090 4485 Nee
1104 4428 1201 4502 gendes
1226 4446 1305 4501 super
1326 4428 1472 4509 iniquitute.
1525 4425 1554 4482 l'd
1567 4434 1620 4492 est,
1635 4429 1780 4487 contrista-

148 4529 301 4594 eultatem,
321 4537 349 4584 et
364 4535 535 4597 contemptus
551 4527 726 4596 presentium
749 4525 831 4583 etium
854 4538 937 4597 penes
990 4532 1035 4579 tur
1047 4522 1070 4578 si
1083 4520 1202 4592 aliquem
1216 4520 1260 4576 vel
1275 4519 1372 4576 iecisse
1390 4518 1562 4590 iniquitatem
1576 4517 1620 4574 rel
1636 4520 1780 4591 pertulisse

147 4619 290 4689 gentilium
313 4618 490 4688 Philosophus
504 4617 656 4680 invenitur,
679 4624 707 4671 et
718 4613 839 4669 nonnulli
853 4627 938 4685 pagn—
990 4612 1171 4683 conspexerit.

149 4726 246 4767 numm
271 4726 370 4780 eorpus
396 4710 503 4780 ignibus
525 4716 635 4780 propter
661 4707 807 4763 humanam
824 4703 936 4777 gloriam
1026 4701 1178 4774 Cenqcudet
1189 4711 1278 4757 eutero
1289 4702 1403 4757 retitui.
1414 4700 1501 4769 idest,
1514 4701 1683 4759 reidebenis
1691 4700 1780 4773 eperi-

93 4818 95 4822 ⁸
149 4802 328 4858 tradiderunt.
352 4802 380 4858 Si
394 4816 459 4874 ergo
475 4801 515 4854 im
536 4807 632 4854 eontra
652 4798 806 4870 proximem
825 4796 867 4852 vel
881 4810 937 4850 ma·
989 4795 1049 4858 bns,
1061 4793 1148 4848 velde
1160 4792 1779 4866 lideetveritatceengaudeteujvrsbonumvi·

149 4893 209 4948 litia
223 4895 250 4948 in
265 4895 346 4950 corde
365 4902 497 4958 teneatur,
511 4893 635 4964 martyrii
650 4891 736 4962 gloria
753 4889 823 4945 adiri
836 4895 936 4960 potest,
989 4884 1036 4939 det
1050 4899 1064 4938 a
1076 4884 1202 4954 proxime
1212 4884 1357 4955 possideri.

149 4987 331 5042 consummari
345 5003 399 5042 non
413 4994 511 5057 potest.
526 4985 637 5041 Sicutin
649 4983 794 5055 Evangelio
804 4981 938 5053 legimus:
1028 4976 1124 5031 Omnia
1138 4977 1241 5046 suffert,
1256 4983 1310 5032 etc.
1326 4975 1425 5032 Levem
1438 4976 1510 5037 enim
1522 4977 1597 5033 ducit
1606 4977 1723 5050 preximi
1735 4978 1779 5034 sui

152 5077 229 5132 llnlti
257 5078 343 5132 dicent
367 5077 432 5132 milri
458 5075 557 5130 inille
582 5075 642 5139 die,
662 5073 793 5138 flemme,
817 5071 938 5126 Denune.
991 5068 1174 5138 cnlpamdnm
1189 5068 1464 5124 antemcndationem
1482 5067 1541 5138 ejus
1557 5077 1699 5143 exspectat
1731 5079 1780 5126 aut

150 5171 246 5225 Nonne
263 5171 290 5223 in
308 5170 412 5224 nomine
429 5179 474 5223 tuo
496 5167 723 5238 proplrrtner'ntur,
743 5173 766 5218 et
784 5164 811 5218 in
825 5172 870 5217 tuo
892 5178 940 5216 ue-
991 5159 1142 5214 mercedem
1153 5158 1204 5214 sibi
1219 5158 1252 5214 de
1263 5158 1469 5229 longanimitate
1483 5160 1626 5231 promittit.

148 5261 217 5315 ruine
231 5263 340 5315 virtuter
353 5259 449 5314 nuum
465 5259 589 5328 feriretur,
615 5267 639 5311 et
665 5265 727 5312 tune
750 5255 838 5310 dieunt
859 5253 937 5308 illis:
1025 5246 1148 5305 Clroritur
1169 5265 1304 5319 uunquam
1318 5250 1429 5302 eccidit.
1453 5247 1511 5304 Neu
1531 5250 1632 5306 excidit
1650 5248 1725 5311 dleil,
1751 5247 1778 5305 'td

148 5349 280 5405 Discedite
304 5369 321 5404 u
344 5366 394 5414 rue,
424 5366 513 5404 onrner
540 5349 585 5420 qni
604 5345 749 5418 operemini
772 5345 938 5415 iniquitatem
989 5338 1146 5409 cst,elepsa
1164 5345 1288 5403 nonest,
1304 5337 1345 5391 vel
1362 5333 1777 5409 nnnexcessit‚ipsnenirnsela

147 5440 256 5501 lllnttlr.
271 5440 332 5510 ru).
345 5441 391 5497 lsti
402 5456 467 5513 erge
481 5440 588 5495 iuberes
600 5452 674 5504 sues,
686 5436 727 5492 vel
734 5434 882 5492 dilectione
891 5447 938 5489 ne·
989 5440 1132 5502 permanet
1150 5431 1178 5486 iu
1193 5427 1325 5495 interum,
1346 5428 1389 5485 vel
1404 5439 1488 5495 uerte,
1504 5428 1567 5498 qnia
1580 5438 1643 5481 vera
1656 5431 1708 5489 est,
1723 5437 1778 5480 nen

146 5531 297 5601 glecta,vel
310 5532 430 5586 vanitate
439 5539 577 5601 suscepta,
586 5529 629 5586 vel
635 5529 817 5595 subsequente
825 5539 937 5597 eperum
988 5521 1139 5578 mutabitur
1151 5521 1195 5576 vel
1208 5521 1310 5576 linitur.

145 5623 304 5694 iniquitate,
320 5622 506 5693 perdiderunt.
1025 5611 1082 5668 Siue
1103 5611 1246 5683 prophetice
1264 5609 1471 5672 evacuabuntur,
1488 5613 1516 5660 et
1533 5603 1581 5659 rol.
1603 5602 1656 5658 ista
1669 5617 1729 5674 qum
1742 5601 1779 5658 ml

181 5711 306 5768 cleriter
316 5714 473 5785 metientem.
483 5711 560 5768 llede
570 5707 868 5781 singillallmdescribit
877 5706 936 5777 ipsu
988 5702 1112 5760 homines
1135 5702 1270 5773 pertinent
1293 5697 1569 5760 consummabuntur,
1590 5693 1633 5749 ille
1661 5709 1720 5764 qute
1742 5698 1781 5757 ael
