3810 6120
81 254 135 314 'ttt

599 260 775 320 colluunt.
797 259 831 315 ta
848 259 926 314 nea.
949 257 977 311 S.
999 255 1191 311 attentent.

1666 259 1720 315 tlt

82 386 112 433 et
128 373 277 432 madum
299 387 404 428 morum
426 372 545 430 omnium
558 376 714 444 nuditates,
735 384 872 444 etparvn·
887 382 909 437 ,ι
924 371 1073 423 su'stmtta
1099 371 1268 438 incorporea,
1293 378 1320 426 et
1341 369 1493 434 invisibilis,
1518 379 1601 442 atque
1619 373 1719 443 guono

82 469 185 530 loram,
200 466 257 520 sire
269 465 413 518 attritorum
427 465 616 536 intelligentias
629 467 755 521 omnibus
766 481 795 520 se
805 481 877 520 eom·

82 561 203 632 pinsitum
223 556 327 620 reddat,
340 565 368 610 et
381 565 482 626 aptum.

122 647 156 702 ur
174 663 226 700 non
241 645 325 701 solem
339 647 492 698 detriearatn
515 647 599 716 grrp's
619 647 660 700 ani
682 647 731 699 sibi
746 648 876 700 contraisti

82 757 138 794 nort
163 739 301 808 patiatur,
328 721 497 791 iterumetium
531 740 558 792 in
582 741 792 808 augmentatione
817 739 876 791 boni

80 829 304 901 gregispmrdeut.
330 828 508 892 [retrimenta.
538 830 644 893 damna,
667 831 811 899 jacturam,
834 831 877 884 vel

83 918 294 973 diminutionem
312 919 413 986 gregis,
427 918 505 982 dixit,
518 934 598 987 qrram
617 935 676 974 esse
690 920 716 973 in
731 936 811 990 grege
825 920 876 975 sibi

81 1009 230 1064 oonrmisso
247 1008 335 1063 abbas
361 1024 411 1063 nee
428 1011 494 1079 pati,
521 1025 571 1065 nee
596 1012 675 1075 selle,
695 1013 722 1066 in
746 1021 877 1083 qnantum

79 1098 167 1161 ualet,
186 1113 237 1152 nee
256 1097 314 1151 lieri
331 1098 422 1152 sitrere
435 1098 526 1162 debet,
539 1101 585 1154 sed
599 1102 685 1171 magis
698 1101 725 1155 in
747 1118 877 1173 augmen-

83 1188 200 1252 tatione,
216 1187 243 1240 id
253 1195 305 1250 est,
320 1187 347 1239 in
357 1187 567 1256 amplificatione
577 1191 639 1243 boui
651 1192 740 1261 gregis
751 1192 875 1261 gaudeat

81 1276 154 1343 Ornia
166 1277 193 1331 in
207 1291 322 1332 numero
340 1277 404 1331 boni
418 1277 508 1346 gregis
525 1279 707 1347 amplificatio,
725 1281 767 1335 vel
782 1281 809 1336 in
822 1283 878 1336 rir-

80 1370 189 1423 tntibos
206 1368 399 1438 augmentatio,
417 1367 555 1436 proiectus
575 1378 618 1424 εει
638 1371 701 1425 imni
721 1373 838 1440 pastoris
850 1381 877 1427 et

80 1461 223 1518 exaltatio.
251 1460 399 1524 Bonorum,
425 1460 547 1528 inquam,
570 1463 763 1516 monachornm
787 1464 878 1517 multi-

79 1550 192 1621 plicatio
215 1550 288 1606 salus
313 1557 355 1605 est
378 1554 529 1603 animarum
556 1558 714 1614 rectorum,
739 1558 767 1604 ct
790 1552 877 1606 troam

80 1643 301 1712 gubernantium.
327 1641 479 1696 Notandum
505 1642 569 1711 qrria
597 1642 624 1695 in
657 1645 875 1710 augmentatione

927 463 1040 529 originis
1054 469 1105 522 est,
1119 461 1180 515 ideo
1203 462 1236 515 ad
1259 461 1405 531 regendum
1420 462 1567 528 laboriosa,
1581 471 1611 518 et
1622 462 1719 520 diffiei-

928 553 969 612 lis,
984 559 1012 605 et
1028 553 1111 605 ardua
1134 567 1177 606 res
1191 559 1243 606 est.
1258 552 1326 607 Cum
1351 553 1435 607 tnrrlto
1458 555 1530 608 enim
1556 555 1657 611 laboris
1676 557 1721 612 itt·-

927 644 1006 714 genio
1020 645 1052 698 ad
1066 645 1212 713 puritatem
1230 645 1404 715 cogitationis
1427 645 1485 714 ejtrs
1507 649 1675 715 pervenitur,
1690 658 1720 704 et

928 735 1061 788 ideocum
1084 737 1212 790 diuturno
1233 736 1397 791 difficultatis
1418 738 1510 792 lairere
1533 740 1637 808 peceati
1660 742 1720 811 ejus

927 823 1024 878 virinus
1046 826 1178 879 medetur.
1203 826 1286 880 lltrba
1309 827 1380 880 enirn
1407 835 1580 898 peccaterum
1607 831 1719 886 vulnera

927 914 1078 968 vnltrntarie
1101 916 1220 985 suscepit
1242 917 1343 980 anima,
1358 918 1405 971 sed
1420 927 1449 969 ut
1464 930 1581 984 satietur,
1604 920 1718 975 multum

928 1007 1011 1060 imita
1026 1008 1122 1076 recipit
1136 1009 1308 1062 medicinam.
1326 1009 1392 1062 Nam
1412 1010 1434 1063 si
1456 1011 1538 1064 diser.
1549 1019 1574 1065 te
1595 1021 1624 1066 ει
1636 1014 1720 1068 ratio·

927 1094 1052 1148 uabiliter
1065 1097 1207 1152 animabus
1221 1097 1370 1152 rrrlrreratis
1382 1099 1514 1167 spiritalia
1539 1101 1719 1159 medicamina

927 1184 961 1238 ab
983 1187 1079 1240 abbate
1096 1185 1196 1241 luerint
1220 1190 1383 1254 ministrata,
1403 1199 1430 1244 et
1445 1191 1490 1244 iile
1513 1193 1617 1246 animat
1628 1193 1720 1248 ritede-

926 1278 991 1341 lara,
1005 1286 1034 1331 ει
1049 1279 1092 1333 ille
1106 1294 1120 1331 a
1136 1279 1191 1334 ιιεε
1214 1282 1309 1350 recipit
1327 1284 1451 1352 gratiam.
1468 1283 1506 1337 de
1526 1298 1602 1348 sero,
1618 1285 1641 1338 si
1657 1286 1718 1340 ani-

926 1369 1022 1422 mabus
1034 1369 1147 1424 iulirnris
1168 1372 1299 1440 spiritalia
1314 1374 1492 1428 medicamina
1508 1376 1656 1443 neglexerit
1668 1379 1720 1432 mi·

926 1459 1051 1522 nistrare,
1073 1461 1106 1514 de
1128 1462 1253 1515 orrrnibus
1278 1463 1329 1516 sibi
1352 1465 1466 1517 sullanis
1484 1474 1596 1534 cogetur
1618 1481 1719 1534 ponere

926 1548 1068 1602 rationein.

961 1636 995 1689 b't
1011 1653 1041 1690 ne
1054 1648 1176 1691 causetur·
1189 1639 1221 1691 de
1237 1640 1337 1693 ntiuore
1348 1639 1415 1709 [orte
1427 1643 1584 1698 substantio.
1602 1645 1642 1701 Ne
1652 1661 1718 1702 eatt-

81 1730 150 1785 boni
165 1746 219 1786 non
242 1731 305 1785 mali
325 1732 414 1800 gregis
436 1731 562 1800 gaudium
579 1730 649 1784 dixit
661 1746 722 1786 esse
744 1733 869 1799 pastoris.
886 1726 1004 1787 lisetur,
1021 1727 1095 1791 dicit,
1112 1727 1137 1780 id
1153 1735 1205 1792 est,
1222 1729 1427 1796 nequereletur.
1440 1730 1573 1785 Causatur
1587 1735 1658 1787 enim
1671 1735 1717 1804 gari

83 1823 216 1877 llalornrn
230 1824 302 1877 enim
324 1823 519 1892 multiplicatio,
538 1824 669 1878 bonorum
696 1817 736 1879 εει
762 1824 873 1878 tribula-

82 1912 132 1966 tio.
149 1912 233 1983 lingis
250 1928 315 1983 ergo
337 1913 527 1967 detrinunturn
551 1912 617 1969 iacit
636 1928 730 1968 eorum
746 1914 874 1982 multipli-

81 2000 166 2065 catio,
190 2016 271 2071 quant
294 2001 445 2055 diminutio.
474 2000 507 2054 Et
531 2002 614 2070 magis
636 2001 718 2071 iustis
742 2010 874 2072 generant

82 2091 175 2161 injusti
191 2091 291 2146 luctum
306 2108 386 2161 qrram
401 2091 537 2162 gandium.
557 2092 779 2164 iluitiplieatione
799 2095 873 2150 enim

82 2184 216 2238 maiouim
242 2181 394 2236 infirmatur
420 2183 595 2253 congregatio
623 2185 780 2249 bonorum;
808 2190 836 2237 et
858 2198 873 2237 e

81 2274 231 2336 contrario,
253 2274 471 2342 augmentatione
489 2274 619 2327 botrorum
634 2273 788 2330 infirmatur
809 2288 875 2328 con-

81 2373 182 2418 uentus
196 2363 382 2433 rrrarliguorum.
407 2363 440 2416 Et
460 2363 625 2430 profectibus
648 2365 778 2419 uirtutum
798 2365 874 2420 sorti-

83 2456 151 2511 tndo
164 2454 320 2520 debilitatur
337 2455 474 2508 vitiorum.

120 2545 189 2600 Ante
206 2547 304 2610 oatniu,
319 2562 351 2599 ue
363 2546 541 2608 dissimulans,
566 2556 611 2599 aut
627 2547 813 2616 purripendeua
832 2565 876 2602 su-

84 2632 166 2687 lantem
182 2633 329 2687 uitiatarum
345 2634 394 2686 sibi
418 2636 626 2698 cornrntssarrm,
650 2653 701 2690 non
723 2636 782 2707 plns
800 2648 874 2707 gerat

83 2723 288 2781 sollicitudinem
301 2724 333 2776 de
348 2723 421 2777 rebus
444 2725 603 2778 transitoriis
617 2735 641 2778 et
660 2728 777 2790 terrenis,
798 2738 875 2797 atque

84 2813 193 2869 caducis
205 2813 217 2867 i
231 2813 289 2867 Non
304 2814 376 2867 enirn
396 2815 475 2868 debet
492 2815 576 2869 albas
587 2816 767 2876 (insimulare.
785 2817 874 2881 idest,
897 2853 901 2860 .

84 2903 192 2959 nesure
203 2918 234 2958 εε
254 2903 354 2974 ingere
369 2920 436 2968 rem,
449 2906 482 2957 de
496 2922 548 2974 qtra
570 2907 596 2959 in
611 2908 734 2960 districta
751 2908 875 2962 exatnine

923 1818 1088 1885 utrerelatur.
1099 1818 1132 1870 Et
1143 1818 1187 1886 qui
1199 1832 1247 1886 pro
1256 1828 1411 1887 paupertate
1421 1820 1585 1875 caducarum
1598 1839 1718 1878 murmu-

923 1918 966 1962 rat
983 1924 1083 1973 remm,
1097 1909 1224 1977 insinuatam
1239 1910 1375 1979 querelam
1389 1912 1497 1981 deponit
1514 1922 1608 1967 contra
1626 1915 1718 1969 bomi-

923 2016 997 2053 num.
1010 1999 1149 2064 Neseiens,
1160 1996 1304 2068 quia'sieut
1313 2001 1340 2053 iu
1351 2002 1453 2053 cantino
1461 2002 1529 2071 ignis
1539 2002 1719 2072 probaturos·

924 2105 982 2143 rum
994 2087 1083 2159 (Pron.
1099 2090 1184 2155 sarr),
1200 2089 1236 2142 ita
1246 2088 1272 2143 in
1285 2092 1450 2159 paupertatis
1466 2090 1574 2146 fornace
1588 2095 1719 2163 probatur

924 2179 978 2231 rita
990 2178 1192 2232 monachornm.
1207 2178 1244 2231 De
1255 2180 1353 2232 rnirrori
1369 2181 1519 2234 substantia
1531 2181 1608 2245 dicit,
1621 2182 1648 2235 id
1658 2191 1712 2248 est,

924 2266 957 2319 de
971 2268 1106 2336 paucitate
1128 2282 1220 2322 rerum
1244 2276 1421 2322 terrenarum.
1449 2269 1604 2325 Substantia
1623 2281 1715 2328 autem

924 2356 969 2410 bic
983 2358 1093 2410 abusive
1104 2371 1153 2427 pro
1165 2358 1281 2412 terrenis
1292 2360 1381 2427 posuit
1393 2359 1484 2414 rebus.
1505 2359 1573 2415 Nam
1585 2363 1714 2416 snbstan-

926 2447 961 2500 tia
975 2448 1008 2500 alr
1027 2458 1059 2502 ee
1079 2450 1188 2517 proprie
1208 2449 1315 2513 dieitur,
1339 2450 1411 2518 quod
1428 2451 1517 2504 omnis
1541 2465 1585 2504 res
1607 2452 1718 2522 abipsa

925 2539 1062 2592 subsistat.
1079 2538 1125 2593 Coi
1147 2540 1237 2594 insunt
1251 2550 1324 2604 octo,
1353 2540 1378 2594 id
1396 2548 1448 2604 est,
1464 2541 1610 2610 quantitas,
1625 2544 1718 2613 cogui-

925 2630 972 2693 tio,
991 2631 1070 2695 situs,
1083 2631 1201 2695 babitus,
1223 2631 1236 2685 ι
1242 2647 1322 2695 rcere,
1340 2633 1404 2701 pati,
1421 2631 1477 2696 ubi,
1490 2633 1618 2702 quando:
1634 2647 1716 2702 quam

924 2720 1009 2775 Greci
1023 2723 1109 2775 usiam
1125 2730 1231 2775 norant.

960 2808 1108 2863 Mentinerit
1119 2813 1255 2880 scriptum,
1265 2808 1385 2864 Primum
1396 2813 1505 2882 ειιεενιιε
1516 2829 1622 2883 regnum
1634 2811 1685 2867 Dei
1693 2821 1718 2869 et

923 2898 1051 2969 justitium
1066 2901 1135 2970 rjus,
1156 2910 1180 2954 rt
1195 2902 1249 2954 laec
1262 2902 1349 2955 omilin
1359 2902 1518 2972 adjicientur
1528 2903 1598 2955 uobis
1609 2901 1717 2973 (ιιιαιιιι.

85 2993 219 3048 rationem
235 2993 314 3049 debet
328 2994 443 3048 [lantino
468 2996 597 3058 εειιιιει·ε;
623 3011 709 3064 iretque
731 2997 874 3065 paruipeu-
925 2991 973 3061 vr).
998 2992 1120 3045 Primum
1140 3007 1155 3045 a
1174 2993 1262 3054 notris,
1287 2992 1311 3046 id
1332 3001 1385 3056 εει,
1407 3007 1589 3061 strmrnnpere,
1613 3006 1718 3047 summo

85 3083 152 3137 dere
174 3083 253 3138 debet
274 3083 388 3137 salntem
415 3084 608 3137 rnorraclrorum
634 3101 754 3149 suorum,
776 3096 804 3139 et
829 3102 877 3155 pro
892 3067 914 3129 C
932 3082 1029 3145 studio,
1045 3090 1072 3135 ει
1087 3090 1142 3135 tota
1155 3083 1245 3137 eortlis
1259 3083 1407 3137 intentione
1427 3082 1532 3136 bomini
1545 3082 1719 3151 qttaurendum

85 3186 186 3242 magno
204 3173 359 3226 existimare
371 3188 462 3227 euram
478 3188 567 3227 rerum
583 3183 768 3236 terrenarum:
791 3191 877 3246 nerpre
931 3182 972 3227 ost
994 3187 1116 3240 regnum,
1136 3174 1218 3227 etsie
1243 3175 1277 3227 ab
1301 3173 1345 3227 illo
1361 3172 1439 3227 nobis
1460 3173 1642 3228 necessarium
1655 3187 1719 3243 spe·

88 3260 181 3315 minus
193 3275 289 3316 errare
308 3260 388 3315 debet
402 3262 435 3315 dc
452 3261 538 3316 salute
560 3265 711 3318 animarum
735 3265 785 3318 sibi
800 3281 876 3320 eorn·
931 3265 1044 3318 ramlum
1069 3273 1111 3319 εει
1134 3272 1272 3318 terrenum
1294 3265 1454 3318 subsidium.
1478 3263 1598 3319 Primum
1611 3280 1625 3318 a
1639 3264 1720 3319 nobis

89 3353 244 3415 missarum,
268 3360 295 3406 ει
315 3352 374 3421 plus
393 3366 487 3423 gerere
509 3370 602 3408 euram
621 3355 653 3408 de
670 3356 820 3408 substantia
836 3372 878 3409 re·
931 3356 1074 3424 qtraeremla
1092 3354 1151 3423 rjus
1171 3353 1277 3421 justitia
1291 3364 1318 3409 et
1336 3365 1397 3424 post
1420 3355 1455 3409 ab
1472 3355 1517 3409 illo
1530 3356 1607 3409 nobis
1627 3370 1720 3410 neees-

88 3456 161 3495 rutn.
183 3439 389 3506 Plurestenint,
403 3442 589 3505 aitborninns,
604 3445 793 3514 arilianensis
807 3461 875 3497 esen.
930 3448 1001 3500 saria
1015 3447 1148 3516 spernanda
1171 3455 1213 3498 est
1237 3455 1343 3500 terrena
1370 3446 1533 3500 substantia.
1558 3444 1581 3498 Α
1605 3445 1720 3501 Domino

90 3529 159 3587 Nam
171 3532 286 3587 εειιιείιε
296 3533 329 3587 de
343 3534 423 3586 rebus
443 3533 559 3588 terrenis
570 3549 662 3587 euram
682 3548 784 3603 gerere,
800 3544 827 3588 et
843 3536 877 3588 de

88 3622 233 3677 animabus
244 3638 296 3677 non
308 3638 416 3688 curare,
430 3639 484 3676 non
501 3632 541 3678 est
556 3625 697 3678 corasitinnr
710 3625 815 3690 salutis,
830 3626 877 3679 εει

930 3538 1001 3590 enirn
1018 3536 1192 3605 perurendum
1215 3544 1265 3613 est
1280 3544 1307 3589 et
1328 3551 1440 3605 regnum
1463 3543 1602 3597 eternium,
1628 3544 1655 3590 et
1669 3545 1721 3590 ter·

931 3643 1024 3680 rutrum
1050 3625 1208 3681 subsidium.
1236 3626 1301 3680 ιιιιιιι
1325 3627 1400 3695 quasi
1425 3640 1585 3696 permanens
1607 3625 1719 3692 bonurn,

89 3712 194 3766 intortis.
207 3711 261 3767 Pro
273 3728 370 3783 magno
388 3715 488 3769 habore
501 3730 556 3768 rem
572 3715 766 3778 transitoriam,
782 3724 809 3768 et
823 3724 865 3768 ter

88 3815 181 3855 mnata
193 3809 274 3870 atqrre
285 3804 423 3866 callaicam,
432 3812 460 3857 et
471 3805 663 3873 parvipendere
675 3813 876 3872 perrrrauentern

89 3900 119 3947 et
128 3900 271 3957 aeternnm,
284 3907 337 3946 non
352 3901 393 3946 εει
406 3893 547 3947 consilium
572 3893 678 3957 salutis,
701 3895 748 3948 sed
762 3894 876 3947 stultitia

87 3984 257 4055 perditionis.
269 3984 466 4054 Parnipendere
484 3986 555 4039 euim
571 3986 670 4040 dieitur
683 4002 793 4054 parrana
806 3987 877 4041 aesti-

89 4090 175 4140 mare,
197 4076 241 4131 rel
266 4077 431 4146 contemptui
457 4076 568 4141 babere,
595 4076 651 4129 sine
675 4077 756 4130 etiam
778 4077 876 4145 aliquid

89 4187 216 4241 magnum
238 4173 328 4226 animo
347 4171 464 4240 superbo
476 4170 623 4238 despicere.
638 4170 759 4223 Pendere
778 4170 878 4223 dieitur

931 3721 1001 3774 istud
1016 3720 1092 3787 quan
1118 3720 1322 3783 tr·ansitoriunt;
1347 3720 1395 3773 sed
1420 3727 1510 3773 tamen
1530 3719 1557 3772 in
1576 3719 1619 3772 ria
1640 3719 1720 3789 lurjus

931 3811 992 3863 ritu
1016 3811 1209 3864 necessarlum.
1237 3810 1275 3863 lle
1299 3810 1351 3864 hac
1376 3810 1447 3865 euim
1473 3810 1606 3864 sententia
1624 3811 1720 3866 beatus

930 3899 1104 3965 Augustinus,
1130 3900 1189 3952 ait:
1210 3899 1279 3964 Quid
1305 3900 1412 3954 intersit
1435 3901 1505 3954 inter
1524 3901 1623 3954 botrum
1647 3900 1719 3970 qttod

930 3992 1110 4059 appetendum
1135 3998 1187 4052 est,
1214 3999 1242 4042 ει
1259 3989 1441 4044 necessarium
1466 3991 1537 4058 qtrod
1560 3991 1719 4044 sumendum

930 4088 981 4134 est.
999 4080 1072 4133 lianc
1084 4079 1247 4133 sententiam
1268 4077 1426 4143 declararit,
1445 4095 1506 4133 euru
1525 4081 1582 4133 ait:
1605 4079 1719 4143 Quaerite

929 4169 1043 4238 primum
1065 4184 1172 4237 regnum
1196 4166 1253 4230 Dei,
1276 4168 1430 4237 etreliqua.
1450 4168 1571 4236 Regnum
1593 4185 1667 4239 ergo,
1692 4177 1721 4223 et

87 4263 161 4316 enim
174 4261 383 4327 aestimamini
395 4261 467 4314 enim
480 4261 581 4328 aliquid
596 4273 696 4313 seesse
711 4259 875 4321 eorrsirlerat,
928 4239 1059 4328 justitiam
1076 4257 1123 4310 liei
1146 4258 1246 4310 bonnm
1269 4265 1391 4311 nostrum
1402 4265 1453 4323 est,
1479 4266 1506 4313 ει
1524 4258 1575 4312 boc
1589 4267 1719 4329 appeten-

88 4352 210 4407 etalium
221 4354 383 4422 despiciens,
398 4361 445 4407 ant
457 4368 581 4423 parsurm,
596 4361 642 4406 aut
653 4352 718 4406 nihil
729 4353 875 4415 existimat,
930 4351 1005 4408 datur.
1019 4358 1046 4404 et
1065 4351 1100 4404 ibi
1118 4350 1178 4404 bnis
1195 4351 1408 4413 constituendus,
1422 4359 1533 4420 propter
1545 4351 1718 4420 pronomina

88 4443 265 4513 parvipendit
276 4444 302 4497 in
320 4443 383 4507 alio,
397 4443 467 4512 qrrod
484 4444 510 4497 in
531 4459 561 4497 εε
576 4444 727 4498 considerat
745 4458 805 4498 esse
820 4460 874 4496 ma-
891 4419 1055 4504 Diacintus,
1070 4455 1236 4511 qureeunqae
1259 4439 1382 4496 iacirnus.
1404 4440 1456 4496 Sed
1468 4441 1531 4510 utria
1554 4441 1580 4496 in
1602 4441 1718 4495 haesita

88 4548 182 4606 gnum.
211 4533 336 4587 Nonnulli
358 4534 446 4598 obliti,
474 4536 546 4604 qrrort
572 4534 701 4588 imtribus
728 4534 878 4587 animarum

88 4637 173 4679 eausa
189 4631 253 4677 sunu
268 4622 382 4691 prtelnti,
397 4630 454 4676 toto
474 4623 565 4676 cordis
587 4624 683 4676 annisu
705 4621 879 4675 saertlaribus

89 4716 172 4770 telins
184 4714 341 4768 inserviunt.
360 4714 406 4768 liar
420 4731 481 4768 cum
492 4716 601 4778 adsunt,
619 4714 773 4774 exstabant:
787 4715 819 4767 ad
832 4717 880 4769 bas

90 4807 185 4868 etiarn,
201 4821 262 4859 eum
275 4805 382 4868 desunt,
397 4806 492 4860 «liebus
502 4821 534 4860 ac
550 4806 674 4859 noctibus
688 4805 878 4873 cogitationum

89 4894 202 4950 astibus
214 4895 350 4949 artbeiant.
366 4893 433 4948 Nam
446 4903 475 4949 ut
486 4897 554 4948 ratio
566 4903 639 4947 recta
650 4895 776 4963 postulat,
791 4895 879 4947 nrirrus

90 4987 125 5041 de
148 4988 319 5051 transitoriis,
343 4994 370 5040 ει
385 4987 444 5056 plus
459 5002 555 5042 curare
569 4987 697 5040 debemus
712 4987 744 5040 de
762 4987 788 5038 in
802 4995 880 5039 teter-

91 5096 156 5133 nurn
173 5081 316 5134 rnrrnsnris.
332 5079 419 5134 llinus
433 5081 466 5135 de
491 5080 615 5142 terrenis,
630 5080 690 5150 ptus
705 5079 737 5131 de
758 5078 878 5132 εειεειι-

94 5170 163 5232 bus;
182 5170 271 5224 nrirtus
284 5171 317 5224 de
338 5171 456 5232 cadurcis
480 5178 508 5223 et
522 5171 581 5239 plus
595 5169 628 5222 de
643 5168 813 5222 insanientibus
828 5167 880 5219 sul-

91 5258 158 5314 liciti
174 5275 233 5314 esse
246 5258 393 5315 deberetis:
418 5261 480 5328 (piria
503 5275 556 5313 non
579 5261 611 5313 de
635 5259 761 5322 terrenis,
786 5257 878 5310 sedric

91 5353 286 5406 rrrtrrraebornm
311 5361 465 5406 nostrorum
494 5352 634 5405 animabus
663 5350 794 5402 rationein
824 5348 879 5401 ιιεε

93 5444 222 5498 ralatturt
239 5459 343 5498 sirmas.
364 5445 438 5499 Unile
450 5452 477 5498 ει
489 5443 611 5511 sequitur
623 5460 629 5496 :

120 5535 182 5612 ‚aad
199 5552 299 5606 temper
316 5538 409 5605 cogitet
421 5536 482 5606 iptio
499 5535 601 5586 auinaue
614 5533 726 5601 triscepit
743 5530 879 5600 regards,

93 5625 280 5696 deperiisset
304 5630 431 5681 rationem
453 5626 602 5680 redditurae
626 5635 673 5680 rat.
694 5623 761 5689 Quia
784 5623 880 5676 arrianae

931 4531 1087 4593 militamus,
1108 4539 1138 4585 ut
1161 4531 1194 4584 ad
1218 4530 1281 4583 illud
1308 4545 1419 4600 regnum
1437 4531 1636 4600 perueniamus,
1660 4545 1719 4598 epm

931 4621 984 4674 rita
1000 4621 1056 4674 sine
1070 4619 1112 4674 bis
1128 4621 1288 4674 necessariis
1301 4619 1342 4690 agi
1357 4635 1409 4673 nan
1430 4627 1529 4689 potest,
1552 4626 1721 4688 apponentur

932 4715 988 4768 brec
1005 4713 1090 4773 nobis,
1108 4712 1204 4781 intepuit.
1220 4711 1273 4765 Sed
1289 4727 1337 4765 nos
1350 4717 1462 4781 regnum
1484 4709 1569 4764 belet
1585 4710 1719 4780 justitiam

932 4803 1116 4873 ejtrsprirnum
1138 4802 1259 4872 qtraeritc.
1273 4800 1339 4854 Corn
1360 4800 1432 4854 etnim
1452 4799 1519 4852 dixit
1538 4798 1665 4867 primunr,
1683 4798 1721 4851 si·

929 4893 1068 4963 gnilrearit
1092 4893 1154 4961 qtria
1178 4892 1230 4945 boe
1253 4889 1388 4959 posterius
1407 4887 1579 4959 quarendum
1603 4895 1719 4944 estnon

930 4992 1062 5054 tempore,
1082 4981 1129 5035 sed
1152 4981 1291 5051 dignitate.
1310 4980 1375 5033 illud
1401 4985 1527 5048 tanquam
1541 4979 1650 5032 'bornum
1672 4992 1721 5031 no-

930 5078 1028 5139 strum,
1043 5077 1094 5128 boe
1117 5083 1243 5141 tanlquam
1270 5070 1453 5124 successarium
1474 5054 1607 5124 nostrum.
1627 5069 1655 5124 Si
1668 5070 1722 5124 boe

931 5166 1113 5220 tratressarium
1126 5172 1236 5233 propter
1250 5162 1314 5215 iliad
1329 5162 1439 5226 bonnm,
1462 5162 1635 5231 quaerendum
1649 5168 1691 5214 est
1704 5173 1721 5213 a

932 5257 1016 5310 ιειιιε.

968 5348 1002 5401 Et
1026 5348 1143 5412 iteruin:
1169 5342 1244 5396 Nilrii
1273 5342 1343 5396 deest
1372 5341 1521 5395 timentibus
1544 5357 1603 5394 enm
1632 5334 1718 5408 (Paul.

935 5437 1108 5507 xxxiiiiiiii
1135 5436 1207 5489 enirn
1232 5435 1315 5486 bertin
1338 5434 1430 5496 babet,
1455 5447 1504 5502 per
1526 5444 1606 5498 quem
1621 5433 1719 5480 etrrreta

933 5540 1022 5584 ereata
1039 5536 1111 5589 suin,
1127 5535 1153 5579 et
1173 5528 1199 5578 in
1220 5542 1273 5594 rpuo
1289 5531 1408 5586 titianeni,
1425 5530 1453 5576 et
1472 5524 1596 5572 coustant
1618 5514 1719 5578 orrrnia,

936 5620 1000 5674 nibil
1026 5619 1113 5672 urirurs
1128 5618 1161 5669 ιιε
1186 5616 1299 5684 spiritali
1320 5622 1366 5665 atu
1383 5622 1488 5664 terrena
1512 5613 1599 5674 potest
1621 5603 1724 5659 iuuere
