3794 6120
573 165 609 194 δι.

125 318 182 381 W
531 313 789 373 comperientes
807 317 842 371 ih
861 315 1050 372 anastatus
1069 315 1112 370 ΕΤ
1132 316 1339 374 EVANGEle.
1711 312 1764 371 ato

127 440 272 512 perabaut.
293 434 346 503 ost
357 435 513 499 mosdasot,
529 434 628 505 inquit,
642 450 695 489 scon
716 434 917 490 manducantem
931 436 1029 507 ,apori
1041 436 1166 493 homines
1183 445 1248 491 sunt
1272 433 1391 505 regulam
1406 429 1586 502 perfectionis
1602 440 1763 502 sequantur.

129 525 466 598 ”⁸⁸Wft‘ffuim
480 523 856 589 mmuastmnd“⁶⁰”‘⁶m
870 541 922 578 ”⁰²⁸
1008 547 1079 614 Quid
1096 559 1183 604 ostem
1202 550 1272 605 eides
1294 549 1424 619 festucam
1445 548 1474 601 itt
1494 545 1571 601 oculo
1599 545 1692 614 fratris
1715 547 1765 612 tsi,

124 620 230 694 Μαι
256 618 345 688 (3011·
360 615 430 689 ¹¹¹)-
458 615 500 672 Μ
524 617 577 673 ¹¹⁰⁰
601 617 720 688 Ρθιῑῑῐιθῐ
742 617 824 672 “fam
846 616 922 680 fundi
972 638 1171 692 trubemcatem
1195 656 1254 710 quse
1275 641 1303 693 in
1323 638 1514 702 oealotaoest,
1531 637 1768 692 noncomidercsf

130 711 206 785 quod
220 710 279 767 allo
289 709 351 765 loeo
363 708 431 764 dicit
451 725 459 762 ι
488 707 578 763 Nolite
599 717 660 763 astte
683 717 785 780 tempas
800 707 924 777 judicare
973 728 1007 783 Ep
1020 729 1072 783 hoc
1085 728 1118 782 ag
1131 730 1272 799 superiora
1287 729 1407 800 respicit,
1422 728 1469 783 ubi
1485 743 1586 784 mum
1600 743 1616 782 a
1628 742 1701 783 040oe
1718 728 1767 783 du,

129 801 288 876 “fdfbflflv
308 798 478 871 fffffff‘f'f
491 798 575 851 Μαι
598 796 738 863 bominac,
759 808 785 852 θ’
795 797 924 853 ⁵¹¹²me
972 819 1010 885 oi,
1024 818 1051 873 id
1064 827 1117 884 est,
1130 828 1287 889 peccantem
1309 834 1323 873 a
1340 826 1482 888 peccatore
1494 817 1624 887 castigari
1642 832 1696 872 non
1707 832 1768 887 pos·

131 889 288 949 ιιιιιοιιιιιιιι
308 886 489 950 tenebrosam,
512 894 537 940 et
555 886 733 955 manifestabit
754 888 924 958 cogitationes
973 926 1003 968 κ
1021 912 1193 982 praemonuig·
1213 909 1289 965 Huni
1301 912 1374 966 enim
1395 910 1541 981 superbia,
1563 908 1607 964 vel
1629 909 1691 964 odio
1708 910 1765 984 'a‘

132 982 220 1038 Μ’*
234 977 261 1052 (¹
274 978 368 1035 ΨΜ
377 976 399 1050 ι·
419 976 489 1032 5⁰⁰¹
501 986 591 1032 amem
606 978 728 1048 ‘luaed‘fm
739 978 810 1033 [ιω
824 977 923 1045 ¹⁰⁸de
973 1008 1085 1081 appopie
1099 1043 1106 1069 ,
1122 1002 1164 1057 vel
1178 1002 1304 1067 avaritia,
1316 1002 1358 1058 vel
1373 1003 1560 1073 alioquolibet
1574 1001 1690 1057 crimine
1699 1015 1769 1073 prce-

131 1087 194 1142 ffuae
215 1071 374 1141 mmmm
397 1082 451 1138 ‘¹¹¹⁰
470 1068 562 1123 ²⁰i¹¹¹⁰
582 1068 667 1134 Μ’
692 1069 756 1140 (1⁰5²
769 1079 797 1125 ⁰²
810 1070 880 1125 ΜΨ)
897 1078 925 1124 ⁰¹
973 1095 1056 1152 venti.
1072 1093 1140 1149 levia
1152 1093 1212 1147 baec
1224 1101 1272 1147 aut
1286 1092 1356 1147 nulla
1367 1091 1532 1163 judicantes,
1554 1094 1688 1149 acerrime
1707 1106 1769 1148 eor-

132 1162 206 1220 ¹¹²¹⁰
219 1163 279 1219 fleri
294 1170 428 1233 P⁰⁵³¹¹¹¹¹v
450 1162 484 1217 (ιθ
498 1163 597 1232 fluum-‘³
610 1162 785 1216 temerarium
800 1170 842 1216 ⁰⁵¹
853 1160 925 1229 iudi·
973 1184 1077 1253 ripiunt
1095 1198 1158 1252 eos,
1178 1196 1246 1252 quos
1263 1182 1352 1237 subita
1367 1182 1484 1237 viderint
1496 1183 1537 1237 ira
1551 1184 1685 1248 turbatos,
1699 1197 1768 1238 ocu-

131 1267 207 1321 ωθι
223 1254 340 1310 ‘mim‘
355 1261 384 1308 ¹¹¹
403 1252 624 1309 ⁰⁰¹¹d0m¹¹⁰ffl¹¹⁸·
645 1252 754 1306 'fimum
776 1259 925 1307 ‘'mem“
974 1273 1030 1327 lom
1054 1273 1152 1327 mentis
1173 1287 1188 1326 a
1210 1272 1288 1327 solito
1308 1273 1435 1341 puritatis
1464 1280 1537 1328 statu
1556 1275 1633 1343 quasi
1663 1272 1769 1329 festuca

131 1345 190 1401 niet
203 1354 308 1415 tempus
318 1352 347 1398 ut
358 1343 524 1414 iudicentur,
538 1358 599 1398 eum
615 1341 746 1397 Dominus
763 1343 925 1398 illuminabit
974 1362 1095 1418 irruente
1118 1370 1247 1426 mutasse,
1267 1371 1349 1430 afflue
1368 1361 1543 1415 immemores
1559 1360 1689 1416 dominici
1700 1375 1769 1430 pm.

132 1435 293 1491 abscondita
309 1434 494 1498 tenebrarum,
507 1442 535 1488 et
548 1432 733 1489 manifestabit
746 1435 925 1505 cogitationes
975 1455 1057 1525 cepti,
1071 1469 1125 1523 quo
1141 1455 1196 1508 ait:
1212 1451 1300 1507 pop-y,
1311 1452 1497 1518 condemnare,
1510 1463 1534 1507 ey
1547 1470 1598 1507 no„
1612 1454 1771 1507 condemna.

132 1527 234 1583 wfdfb·
254 1527 313 1582 ⁰¹¹⁰
325 1523 389 1582 ⁸¹¹¹st
408 1534 498 1580 aulem
513 1526 653 1594 inquibus
671 1527 845 1582 temerarium
857 1525 927 1594 fudi·
975 1543 1066 1598 bimini
1078 1543 1185 1615 (ιιαιιιι.
1202 1542 1263 1615 vu),
1282 1543 1369 1614 magis
1380 1551 1472 1597 amant
1483 1544 1639 1614 vituperare
1655 1551 1683 1598 et
1695 1543 1771 1598 dam-

132 1616 206 1672 ciam
219 1630 317 1673 cavere
327 1616 468 1681 debemus,
481 1631 544 1671 cum
556 1616 688 1671 incertum
700 1627 761 1681 est,
777 1616 864 1686 qualis
882 1615 925 1672 fu-
974 1650 1049 1697 nm,
1066 1649 1149 1703 quam
1167 1634 1313 1689 emendare
1325 1640 1407 1701 acque
1419 1632 1567 1703 con-igere,

133 1717 212 1764 tetrus
228 1707 273 1772 sit,
289 1706 337 1776 qui
352 1721 423 1761 nunc
437 1705 480 1761 vel
493 1705 580 1761 malus
594 1705 636 1761 rel
651 1706 737 1761 bonus
749 1714 870 1776 apparet.

170 1797 300 1852 dimittite
312 1806 336 1852 et
355 1797 533 1862 dimittemini,
548 1797 610 1851 dote
622 1807 647 1851 et
660 1798 767 1852 dabitur
782 1797 861 1852 cobis.
880 1797 925 1850 ιιι·
939 1786 962 1845 Β

132 1891 243 1947 mutere
253 1903 305 1945 uos
317 1888 450 1957 injurias,
473 1889 538 1945 dare
556 1888 687 1944 beneficia
701 1887 788 1959 jubet,
803 1897 833 1943 ut
847 1889 925 1944 nobis

132 1987 246 2053 peccata
261 1979 442 2044 dimittantur,
461 1986 490 2034 et
502 1979 558 2033 vita
570 1978 649 2033 detur
662 1986 774 2033 aeterna.
793 1977 851 2044 Qua
865 1993 926 2033 sen·

134 2073 218 2130 untia
240 2071 387 2137 brevi,sed
410 2071 529 2136 eximia,
550 2078 647 2125 cancta
668 2085 728 2139 qum
749 2069 879 2125 latissime
893 2070 927 2127 de

134 2163 324 2222 contemndo
337 2178 399 2218 cum
413 2160 530 2217 inimicis
544 2161 730 2226 mandaverat,
752 2162 926 2231 comprehen-

134 2255 226 2311 dendo
235 2253 384 2310 concludit.

171 2345 327 2401 lentarum
342 2345 446 2408 bonam,
458 2354 482 2398 et
497 2345 654 2414 confertam,
674 2354 699 2400 et
710 2347 881 2417 coagitatam,
903 2355 928 2402 et

135 2437 359 2509 supereffluentem
369 2435 469 2490 dabant
480 2436 507 2489 in
517 2436 604 2489 sinum
615 2446 737 2491 vestram.
762 2437 830 2493 lluic
841 2437 929 2494 simile

134 2537 201 2595 est,
221 2528 294 2598 quod
322 2527 386 2582 alibi
410 2527 485 2594 dicit,
513 2535 594 2583 utet
617 2528 667 2600 ipsi
683 2531 817 2602 recipiant
840 2548 889 2587 vos
902 2532 929 2587 in

134 2631 238 2679 mena
251 2621 425 2676 tabernacula
439 2621 448 2694 i
462 2616 576 2674 bacatu
593 2621 613 2690 ).
640 2621 698 2676 Non
712 2623 786 2678 enim
798 2639 931 2696 pauperes

135 2713 198 2784 ipsi,
212 2711 262 2768 sed
281 2710 406 2767 Christus
427 2714 580 2768 mercedem
601 2714 655 2778 his,
670 2715 716 2782 qui
730 2714 930 2786 eleemosynam

135 2803 228 2860 facere
242 2803 401 2860 redditurus
420 2812 474 2871 est,
498 2820 579 2874 quam
595 2811 685 2860 tamen
704 2807 730 2859 in
754 2807 843 2862 sinum
865 2807 932 2863 dare

135 2897 287 2962 dicuntur,
312 2899 375 2967 quis
394 2897 579 2967 promerendae
599 2896 672 2952 illius
692 2898 863 2952 occasionem
888 2899 933 2953 de·

136 2985 212 3052 dere,
227 3001 289 3041 cum
300 2986 462 3056 relegentes
476 2986 583 3048 misere,
596 2985 638 3040 vel
649 2987 769 3057 improbe
779 2989 930 3053 sevientes,

138 3076 281 3132 fortiorum
296 3083 361 3130 sunt
380 3083 407 3130 et
426 3076 534 3130 tolerati
552 3077 698 3146 patientia,
713 3086 740 3132 et
753 3076 931 3133 beneficentia

1011 1745 1045 1800 Et
1063 1754 1194 1817 quomodo
1213 1755 1284 1815 potes
1315 1744 1402 1798 dicere
1426 1743 1505 1814 fratri
1527 1754 1582 1810 tao,
1603 1744 1695 1814 frater,
1716 1746 1772 1800 sine

976 1837 1081 1905 ejiciam
1093 1836 1221 1904 festucam
1233 1835 1265 1906 de
1276 1833 1351 1888 oculo
1365 1843 1427 1898 tuo,
1450 1835 1504 1903 ipse
1523 1834 1549 1887 in
1568 1833 1643 1888 oculo
1655 1843 1700 1887 tao
1713 1844 1771 1888 tca-

977 1927 1032 1982 bem
1044 1944 1095 1981 non
1107 1926 1206 1981 cidens.
1219 1925 1281 1980 llaec
1290 1940 1351 1980 cum
1365 1924 1449 1980 fratre
1464 1924 1534 1994 agis,
1545 1925 1568 1979 si
1580 1923 1657 1979 verbi
1671 1924 1768 1995 gratia,

976 2021 1048 2091 quod
1061 2020 1103 2074 ira
1122 2019 1167 2074 ille
1182 2019 1315 2090 peccavit,
1332 2027 1359 2072 ιιι
1379 2019 1442 2073 odio
1466 2017 1653 2087 reprehendis.
1681 2015 1772 2084 Quan-

977 2120 1035 2168 tum
1048 2122 1140 2165 autem
1156 2111 1228 2164 inter
1245 2109 1378 2165 festucam
1398 2118 1425 2164 et
1441 2108 1557 2175 trabem,
1573 2108 1648 2178 quasi
1667 2113 1773 2163 tantum

977 2202 1049 2257 inter
1062 2200 1131 2256 iram'
1147 2201 1321 2271 distatatque
1335 2201 1438 2255 odium.
1466 2199 1564 2257 Odium
1584 2206 1626 2254 est
1643 2198 1717 2253 enim
1732 2199 1772 2254 ira

978 2292 1140 2356 inveterata,
1154 2291 1231 2361 qussi
1245 2305 1305 2361 quae
1317 2298 1452 2347 vetustate
1464 2291 1523 2360 ipsa
1542 2299 1648 2345 tantum
1660 2305 1773 2360 accepe-

978 2383 1026 2449 rit,
1042 2390 1071 2439 ιιι
1085 2383 1184 2437 merito
1198 2381 1350 2453 appelletur
1362 2381 1463 2437 trabes.
1472 2380 1544 2436 Fieri
1562 2389 1653 2435 autem
1672 2388 1772 2450 potest,

978 2484 1009 2529 ut
1022 2474 1045 2528 si
1060 2474 1188 2529 irascaris
1207 2472 1322 2540 bomini,
1344 2472 1411 2527 velis
1424 2487 1485 2526 eum
1505 2471 1617 2541 corrigi.
1637 2469 1666 2526 Si
1681 2479 1772 2525 autem

978 2566 1069 2621 oderis
1081 2565 1230 2628 bominem,
1250 2579 1303 2619 non
1324 2571 1402 2634 potes
1416 2578 1478 2618 eum
1493 2562 1562 2618 velle
1581 2563 1731 2633 corrigere,
1746 2571 1774 2617 et

978 2657 1040 2712 ideo
1054 2653 1343 2726 impossibiledicitur,
1368 2663 1398 2708 ut
1420 2653 1554 2725 festucam
1580 2653 1673 2709 fratris
1694 2652 1774 2710 oculo

980 2746 1081 2811 demat,
1097 2743 1143 2814 qui
1156 2759 1205 2800 suo
1218 2744 1324 2799 trabem
1340 2752 1429 2814 gestat
1441 2744 1468 2798 iu
1481 2743 1570 2799 oculo.

1015 2854 1042 2909 ff
1044 2856 1162 2926 ypocrita
1176 2895 1183 2920 ,
1207 2854 1273 2925 ey'ice
1285 2854 1399 2925 primum
1420 2855 1519 2909 trabem
1543 2854 1575 2908 de
1589 2853 1666 2909 occsio
1680 2864 1736 2920 tao,
1749 2864 1774 2910 et

980 2955 1042 3001 tuuc
1056 2945 1204 3016 perspicies,
1226 2944 1363 3000 ateducas
1378 2943 1504 3014 festucam
1526 2943 1560 2998 de
1581 2942 1659 2998 oculo
1682 2943 1775 3013 fratris

981 3036 1031 3090 tui.
1051 3034 1081 3090 ld
1095 3044 1146 3101 cst,
1162 3036 1249 3107 primo
1263 3037 1311 3091 abs
1325 3046 1352 3091 tc
1375 3033 1480 3105 expelle
1499 3035 1592 3092 odium
1606 3044 1633 3091 et
1647 3038 1776 3108 deinceps

135 3165 296 3230 sustentati,
312 3171 340 3220 et
353 3165 386 3219 ad
399 3165 486 3235 ipsam
501 3164 643 3235 aliquoties
660 3165 742 3221 fidem
760 3166 831 3222 dulci
844 3168 930 3238 gratia
945 3143 966 3205 C
981 3128 1084 3199 9⁰²⁸ss
1105 3125 1162 3196 jam
1176 3142 1239 3182 eum
1258 3142 1339 3198 quem
1354 3126 1443 3198 diligis
1458 3127 1620 3193 emendm'
1637 3136 1664 3183 Μ
1676 3136 1719 3185 ⁰⁸²
1733 3144 1777 3184 γε’

136 3262 279 3324 prosocm

172 3342 278 3399 actm
288 3344 383 3414 quippe
398 3360 531 3410 mensuro,
549 3361 601 3416 qao
616 3346 698 3401 mensi
716 3346 831 3413 fueritis,
851 3363 932 3403 reme·

136 3435 220 3488 ιιιιιιι
235 3435 317 3490 sabis.
344 3435 379 3490 m
401 3436 545 3506 Apostolus
567 3437 601 3492 ad
623 3439 823 3511 eleemosynam
838 3439 921 3496 Corin

136 3527 212 3582 tltios
224 3527 341 3582 hortans
353 3528 425 3583 inter
445 3529 497 3583 alia
519 3530 603 3586 dicit:
621 3529 679 3584 llos
701 3540 788 3585 ostem
802 3531 871 3596 dico,
884 3531 932 3602 'qui

137 3619 356 3688 parceseminat,
371 3636 451 3691 perce
463 3630 488 3674 et
498 3630 584 3685 metet,
598 3630 621 3675 et
634 3623 678 3692 qui
691 3623 803 3676 seminet
818 3623 846 3676 in
858 3623 933 3676 bene·

138 3709 311 3776 dictionibus,
324 3712 358 3767 de
368 3710 589 3768 benedictionibus
601 3722 624 3767 et
635 3722 721 3767 metet.
740 3712 832 3768 Potest
841 3722 933 3768 autern

138 3806 170 3854 ct
182 3798 218 3854 da
229 3801 357 3857 omnibus
380 3817 440 3871 quae
454 3813 559 3868 mente,
574 3817 673 3868 manu,
689 3802 797 3874 lingua,
814 3803 934 3873 gerimus

139 3889 238 3959 accipi,
267 3891 330 3959 quia
356 3899 385 3945 tu
409 3891 500 3946 reddes
522 3889 644 3962 singulis,
669 3889 774 3962 inquit,
790 3891 933 3945 secandum

137 3992 220 4049 opera
233 3993 337 4036 essum

176 4071 288 4128 mecam
300 4084 387 4130 sutem
399 4075 453 4130 illis
470 4086 494 4130 et
508 4075 716 4130 similitudinem.
739 4075 868 4146 Numquid
884 4091 933 4144 po-

139 4170 192 4216 test
205 4178 293 4218 ccccm
305 4181 403 4219 coeeum
417 4166 526 4230 ducere,
551 4183 635 4221 nonne
649 4165 725 4220 ambo
739 4166 767 4219 in
778 4166 878 4234 fobeam
890 4181 935 4219 co-

140 4251 225 4308 destf
247 4254 350 4312 Sensus
364 4256 548 4327 hujuscemodi
573 4258 714 4314 sententiae
728 4256 826 4328 pendet
843 4270 877 4312 ex
889 4272 934 4312 su-

138 4342 313 4411 perioribus,
335 4343 381 4399 ubi
396 4345 430 4400 de
440 4345 529 4400 danda
542 4346 723 4416 eleemosyna,
740 4356 767 4402 et
783 4347 880 4418 injuria
894 4347 934 4402 di-

140 4429 275 4486 mitteada
297 4434 463 4505 praecipitur.
494 4433 522 4489 Si
538 4442 574 4500 te,
596 4435 692 4506 inquit,
714 4437 754 4490 ira
768 4446 862 4492 contra
876 4439 935 4493 vio-

141 4519 267 4588 lentum,
290 4533 319 4578 ct
341 4534 435 4579 contra
457 4533 593 4595 petentem
610 4528 760 4603 φιλαργυρία
780 4528 932 4593 secaverit,

141 4613 267 4682 nunquid
284 4624 331 4668 tua
349 4623 440 4671 mente
452 4617 564 4681 vitiata,
586 4617 683 4672 vitium
697 4618 756 4688 ejus
774 4633 871 4673 curare
887 4633 935 4689 po-

140 4702 230 4758 terist
254 4702 370 4762 batille
394 4706 468 4761 solus
492 4707 537 4775 qul
564 4707 690 4778 injuriam
704 4707 778 4772 fecit,
798 4717 827 4762 et
836 4723 890 4764 non
906 4718 935 4764 tu

139 4791 238 4858 etiarm
261 4794 310 4863 qui
334 4792 407 4850 ferre
431 4797 570 4850 nesciebas
594 4812 657 4852 reus
688 4798 877 4868 deputaberis?
902 4801 937 4855 ht

140 4880 171 4938 si
184 4883 276 4938 mitem
299 4893 327 4939 te
351 4886 541 4957 tranquillique
561 4888 678 4958 pectoris
698 4888 757 4959 ejus
778 4891 937 4962 improbitas

141 4970 294 5039 invenerit,
316 4983 345 5029 et
364 4974 409 5030 ille
427 4976 461 5030 sd
475 4977 662 5047 poenitentiam
677 4977 846 5049 movebitur,
862 4992 890 5039 et
905 4993 933 5040 tn

139 5063 283 5132 patientta
305 5067 417 5136 premio
441 5069 597 5136 donaberis,
620 5073 683 5143 quia
709 5089 810 5131 caccum
826 5078 935 5134 vidente

140 5152 244 5220 oculo,
271 5156 324 5212 hoc
345 5165 408 5224 est,
430 5161 513 5217 eorde
534 5177 631 5221 sereno
651 5163 751 5220 ducere
770 5167 886 5224 curabas
900 5169 934 5226 ad

139 5240 245 5299 haren.

182 5333 244 5390 Nost
256 5344 294 5391 est
305 5337 449 5410 discipulas
462 5357 540 5411 super
552 5344 724 5414 magistrum,
745 5345 875 5415 perfectus
885 5365 934 5403 ott·

138 5433 195 5478 ten
210 5428 295 5482 omnis
308 5429 379 5492 erit,
403 5430 426 5483 si
445 5430 478 5484 sit
492 5432 559 5485 sicat
573 5434 698 5503 magister
711 5435 779 5504 ejus.
804 5434 833 5490 Si
848 5437 933 5508 tnagi-

138 5521 203 5570 »ιιι
227 5516 273 5586 qui
295 5515 390 5587 utique
402 5517 480 5588 quasi
495 5517 567 5575 lleus
580 5520 683 5590 potuit,
701 5535 754 5577 non
768 5536 832 5578 suas
845 5523 932 5580 ultum

139 5605 183 5662 ire
194 5604 327 5676 injurias,
349 5610 397 5665 sed
417 5610 492 5679 ipsos
512 5611 606 5667 maluit
620 5612 789 5670 insecutores
806 5616 933 5686 patiendo

139 5693 400 5767 munitores,
413 5700 536 5758 mandem
549 5715 661 5760 necesse
673 5713 730 5770 est,
746 5705 868 5780 discipuli
884 5708 930 5780 qul

983 3232 1012 3273 re
1033 3218 1147 3273 multum
1167 3218 1317 3274 cavendum
1342 3226 1369 3272 et
1391 3218 1535 3272 molestum
1561 3219 1775 3290 hypocritarum,

981 3308 1063 3367 idest
1081 3309 1271 3365 simulatorum
1284 3323 1388 3380 genus,
1407 3308 1453 3378 qui
1476 3323 1538 3366 cum
1558 3309 1680 3368 omnium
1700 3309 1778 3367 vitio·

982 3413 1042 3454 rum
1056 3408 1083 3453 et
1099 3399 1289 3454 accusationes
1305 3398 1368 3453 odio
1382 3405 1409 3453 et
1422 3397 1508 3452 livore
1520 3398 1678 3469 suscipiant,
1693 3400 1776 3455 etiam

982 3489 1150 3545 consultores
1180 3489 1265 3544 vltleri
1287 3503 1317 3544 se
1344 3489 1457 3555 volunt„
1468 3497 1495 3545 et
1508 3488 1568 3545 ideo
1584 3491 1629 3560 pie
1643 3499 1777 3561 cauteque

985 3581 1146 3652 vigilandum
1165 3591 1217 3649 est,
1235 3590 1267 3639 nt
1287 3597 1350 3637 cum
1369 3582 1488 3653 aliquem
1516 3584 1718 3655 reprehendere
1732 3584 1775 3642 vel

981 3670 1125 3742 objurgare
1154 3673 1304 3729 necessitas
1341 3675 1479 3746 coegerit,
1511 3675 1601 3745 primo
1624 3676 1776 3748 cogitemus

983 3770 1074 3817 utrum
1094 3761 1148 3817 talc
1171 3762 1208 3818 sit
1229 3763 1344 3830 vitium,
1369 3765 1442 3834 quod
1463 3782 1601 3836 antiquam
1620 3767 1775 3834 habuimus,

983 3851 1024 3907 vel
1038 3867 1091 3922 quo
1106 3854 1260 3921 caruimus,
1277 3865 1305 3911 et
1323 3857 1346 3911 si
1365 3873 1503 3928 nunquam
1516 3859 1660 3914 habuimus
1676 3860 1778 3931 cogite-

983 3960 1063 4011 mus,
1082 3955 1110 4002 ct
1124 3961 1174 4003 nos
1187 3947 1311 4002 homiues
1332 3963 1409 4014 csse,
1433 3959 1460 4003 et
1482 3949 1582 4007 habere
1595 3952 1725 4020 potuisse.
1745 3950 1776 4006 Si

983 4050 1048 4092 vero
1062 4036 1222 4104 habuimus,
1237 4044 1265 4093 et
1282 4053 1334 4093 non
1347 4038 1494 4106 babemus,
1511 4047 1603 4111 tangat
1616 4042 1776 4097 memoriam

983 4128 1134 4183 communis
1149 4129 1313 4196 infirmitas,
1337 4140 1366 4185 ut
1382 4132 1456 4187 illam
1477 4133 1714 4203 reprehensionem
1728 4141 1777 4192 aut

983 4216 1209 4288 objurgationem,
1226 4235 1279 4274 non
1294 4219 1397 4286 odium,
1410 4222 1458 4276 sed
1473 4222 1660 4278 misericordia
1675 4236 1777 4292 praece·

984 4310 1038 4374 dat,
1055 4318 1085 4365 ut
1098 4311 1155 4366 sive
1172 4313 1205 4367 ad
1220 4314 1418 4369 correctionem
1440 4313 1510 4383 eius,
1529 4323 1734 4385 propterquam
1748 4317 1776 4374 id

984 4397 1107 4465 facimus,
1122 4401 1180 4457 sive
1193 4402 1228 4458 ad
1247 4404 1450 4471 perversionem
1465 4405 1593 4473 valuerit,
1614 4423 1677 4462 num
1690 4409 1777 4465 incer·

946 4485 1030 4546 Ibtus
1044 4491 1196 4549 estexitns.
1222 4492 1276 4548 Nos
1296 4502 1387 4552 tamea
1402 4495 1435 4550 de
1453 4496 1625 4567 simplicitate
1644 4498 1716 4554 ocull
1730 4514 1777 4556 no-

985 4584 1034 4638 stri
1052 4585 1140 4640 securi
1154 4585 1248 4642 mmus.
1264 4586 1304 4653 ,Si
1319 4596 1412 4643 autem
1429 4599 1581 4660 cogitantes
1595 4593 1776 4664 nosmetipsos

986 4675 1171 4732 invenerimus
1184 4678 1211 4732 iu
1225 4694 1259 4737 co
1280 4694 1341 4736 esse
1352 4681 1438 4748 vitio„
1462 4682 1488 4737 in
1502 4690 1610 4751 quaest
1624 4684 1679 4749 ille,
1693 4701 1775 4756 quem

986 4765 1185 4835 reprehendere
1202 4770 1380 4837 parabamus,
1402 4786 1456 4825 non
1477 4772 1706 4841 reprehendamus
1726 4791 1775 4830 ne-

986 4869 1040 4925 que
1059 4854 1240 4926 obiurgemus,
1256 4859 1304 4914 sed
1320 4867 1409 4914 tamen
1420 4862 1662 4931 congemiscamus,
1679 4874 1707 4920 et
1720 4881 1774 4922 nan

986 4947 1062 5002 illum
1085 4949 1118 5004 ad
1132 4950 1374 5021 obtemperandum
1392 4952 1484 5018 nobis,
1506 4955 1552 5009 sed
1566 4957 1600 5010 ad
1616 4958 1719 5027 pariter
1731 4974 1775 5015 oo·

986 5037 1105 5092 nandum
1118 5039 1274 5097 invitemus.
1292 5041 1364 5096 Raro
1374 5056 1450 5112 ergo,
1463 5051 1490 5097 et
1502 5059 1600 5116 inagna
1612 5049 1774 5106 necessitate

985 5125 1189 5198 obiurgationes
1210 5129 1370 5185 adhibendae
1391 5139 1469 5198 sunt,
1486 5134 1523 5187 ita
1543 5143 1632 5192 tamen
1649 5139 1773 5194 utetism

987 5216 1014 5271 in
1028 5218 1072 5273 his
1086 5219 1151 5288 ipsis
1165 5235 1219 5278 non
1234 5220 1323 5284 nobis,
1338 5222 1385 5277 sed
1401 5223 1466 5287 lleo,
1484 5233 1512 5278 ut
1523 5228 1674 5285 serviamus
1688 5230 1773 5284 inste-

987 5324 1057 5364 mus.
1078 5308 1137 5379 lpse
1151 5317 1193 5365 est
1214 5311 1286 5366 enim
1307 5311 1378 5377 fiiis,
1403 5322 1432 5369 ut
1447 5315 1513 5370 nihil
1527 5317 1624 5388 duplici
1642 5318 1774 5374 cardeia·

987 5401 1100 5457 ciamus.
1129 5401 1293 5459 Auferentes
1317 5403 1422 5460 trabem
1443 5407 1476 5462 de
1493 5408 1573 5463 oculo
1593 5418 1686 5464 nostro
1704 5408 1772 5465 invi-

986 5491 1094 5557 dentia,
1110 5492 1152 5548 vel
1175 5494 1300 5558 malitiae,
1324 5495 1365 5550 rel
1382 5497 1575 5562 simulationis,
1593 5508 1621 5554 ut
1635 5497 1781 5561 valeamus,

986 5582 1084 5653 ejicere
1097 5583 1229 5640 festucam
1241 5585 1274 5640 de
1287 5586 1366 5641 oculo
1378 5584 1484 5646 fratris.
