3810 6120
107 328 114 337 ·
136 310 189 380 eis
684 319 774 374 acra
793 311 1021 376 cornminus
1040 304 1205 376 nontam.
1705 306 1756 380 sl

136 455 192 497 nnn
204 437 267 492 lieet
279 450 331 491 non
344 433 464 491 crc·dere.
479 431 601 501 quistpris
617 431 651 486 ad
673 432 724 486 boc
736 432 808 487 valet
817 432 921 496 pertin-
932 436 959 495 A
971 433 1013 488 dis
1027 434 1163 504 mysteriis
1175 437 1277 488 emero
1297 429 1447 503 loquantur,
1470 429 1550 488 delui
1569 416 1755 510 considerandi
1766 468 1775 485 ·

137 545 211 604 gere.
224 540 261 569 -'
272 525 358 581 iirsst.
373 523 498 593 Nunqnid
511 539 565 578 non
577 525 646 579 bene
665 525 735 579 idem
749 531 813 578 tunc
831 532 923 579 aueto-
971 523 1056 589 locus,
1072 535 1099 579 et
1114 525 1237 580 dabimus
1253 525 1381 594 quidquid
1396 526 1429 580 de
1443 526 1485 581 bis
1496 525 1602 581 dederit
1614 527 1754 585 muninus.

137 636 182 676 aas
203 617 343 680 iecisserrt,
358 615 384 672 si
397 623 514 684 quatuor
530 621 635 669 tantum
649 614 771 671 addendo
784 615 922 686 syllabas,-
970 642 1005 652 —
1029 612 1064 666 Et
1089 620 1216 668 nocturna
1236 613 1362 668 diletione
1380 631 1494 685 congrua
1512 615 1586 680 dcta,
1609 616 1647 671 ait
1661 615 1754 674 Part:

137 720 192 764 tam
206 707 438 781 pernecessarium
451 704 513 760 tidei
528 713 725 759 sacramentum
738 706 923 761 cunctisdein-
970 699 1095 770 Nunqbid
1107 703 1193 773 magis
1203 703 1320 760 salutare
1339 711 1381 760 est
1394 705 1523 771 credere,
1541 706 1756 776 periculosumve

136 812 200 865 ceps
216 793 500 862 sacctdisperspicuum
512 792 689 846 redderetur?
705 822 740 831 —
755 791 923 849 Panasion
971 805 1024 846 non
1041 792 1163 858 credere,
1174 791 1303 864 spiritura
1318 804 1440 851 sanctum
1454 813 1469 852 a
1481 796 1550 852 Filio
1564 799 1633 855 sicut
1647 816 1661 853 a
1677 800 1757 858 entre

136 904 192 943 non
215 885 303 940 atrdco
326 882 415 937 dicere
439 896 491 934 nort
514 879 706 943 benefecisse,
730 880 753 934 si
772 882 921 948 fecissent,
971 878 1128 950 procedere,—
1140 890 1222 952 quam
1232 883 1330 938 Filium
1342 884 1501 955 sapientiam
1510 887 1617 942 Douma
1624 888 1754 958 sapientia

136 979 200 1047 quia
216 973 310 1046 procul
326 973 407 1028 dubio
420 971 489 1026 sicut
502 980 598 1026 cetera
612 987 672 1041 quae
687 972 727 1026 sel
750 973 921 1040 omiserunt,
971 969 1036 1035 Deo,
1046 972 1185 1026 veritatem
1193 972 1275 1026 Deum
1291 989 1306 1028 a
1321 976 1435 1030 veritate
1447 977 1502 1030 lieo
1513 977 1633 1047 genitum
1645 985 1716 1044 este,
1729 987 1758 1036 et

136 1071 254 1125 seientes
277 1069 381 1135 utique,
399 1073 426 1120 et
448 1074 571 1119 nontam
591 1065 708 1118 bumana
727 1081 807 1135 quam
832 1067 921 1122 divim
970 1067 1217 1132 10010οὓ110010110
1231 1079 1311 1119 1101111
1326 1067 1594 1135 011019011110411111111
1613 1068 1754 1124 Veritatem

136 1161 279 1215 illuminati
296 1158 426 1228 sapientia
445 1156 575 1222 lecerunt,
595 1158 632 1212 ita
646 1174 752 1227 quoqne
764 1176 817 1214 non
836 1161 921 1216 audeo
970 1152 1318 1222 01100111111101110111110101,
1333 1170 1393 1211 01110
1407 1166 1497 1213 1111100
1510 1166 1617 1214 constet
1629 1158 1654 1213 111
1670 1175 1752 1215 isan*

136 1250 227 1304 dicere
239 1249 309 1303 istud
332 1263 379 1301 eos
394 1247 471 1301 notris
491 1247 580 1300 narinus
605 1247 784 1314 intellexisse;
807 1263 922 1318 perpen-
970 1242 1022 1296 ctis
1034 1241 1161 1300 Patribus
1173 1247 1260 1301 eidem
1285 1248 1407 1317 symbolo
1429 1237 1541 1303 inditum
1562 1249 1615 1304 aba
1637 1250 1713 1306 esse?
1727 1240 1755 1305 Sl

135 1340 209 1393 disse
220 1353 269 1392 cur
280 1337 452 1400 dimiserunt,
464 1334 506 1388 vel
519 1335 724 1400 curdimissum,
738 1353 772 1391 ne
783 1336 852 1390 ultra
863 1338 922 1392 mit-
970 1349 1034 1405 ergo
1045 1338 1103 1392 baec'
1113 1339 1176 1404 duo,
1193 1341 1272 1395 sicuti
1296 1342 1431 1412 sapientes
1448 1342 1534 1408 decet,
1550 1342 1576 1396 in
1600 1351 1654 1396 tarn
1676 1330 1755 1397 tanna

137 1437 249 1494 teretur,
263 1428 333 1484 siem
346 1436 374 1483 et
383 1435 479 1482 caetera
494 1427 664 1495 prohibuere.
679 1427 717 1482 Tu
733 1436 760 1483 et
778 1430 817 1483 tui
832 1429 921 1484 uidete
969 1425 1029 1483 liari
1043 1427 1226 1500 disputatione
1237 1433 1270 1486 ad
1285 1432 1336 1487 hoc
1350 1431 1450 1497 valent,
1463 1437 1491 1486 ut
1506 1433 1644 1487 nobiscum
1656 1434 1756 1487 sentia-

135 1519 200 1589 quid
218 1521 341 1575 sentiatis
365 1520 398 1573 de
415 1518 501 1573 vobis.
527 1518 593 1572 Nam
613 1528 640 1573 et
664 1535 714 1590 ego
735 1535 777 1574 ure
790 1520 845 1576 illis
866 1538 923 1577 nou
970 1519 1005 1574 tis
1017 1527 1045 1573 et
1057 1521 1236 1590 cognoscatis,
1251 1528 1291 1575 tot
1304 1523 1409 1590 priores
1423 1519 1571 1577 catholicos
1583 1518 1687 1588 Patres,
1710 1520 1755 1593 qui

135 1611 361 1681 dicopraeleram,
374 1594 421 1666 sed
445 1611 526 1665 etiain
552 1611 617 1667 illud
641 1613 712 1666 absit
732 1612 797 1666 milri
821 1623 851 1668 ut
875 1629 922 1668 eo-
970 1606 1021 1663 hoc
1035 1608 1106 1663 unde
1125 1608 1266 1677 agiturt'el
1288 1609 1416 1680 symbolis
1436 1625 1490 1664 non
1508 1610 1692 1675 inseruerunt,
1715 1611 1757 1668 rel

135 1717 243 1770 aequam
256 1701 745 1772 praesumam-—llrssrdbsiterlanq
760 1704 851 1770 Pater,
865 1706 921 1762 nen
971 1696 1091 1753 inserere
1113 1699 1338 1768 quemadmodum
1363 1707 1477 1768 cetera,
1502 1703 1632 1772 utsupra
1655 1703 1755 1759 dictum

135 1802 230 1847 nastro
243 1800 408 1863 protegente,
423 1792 487 1847 illud
505 1807 521 1845 a
536 1791 623 1857 nobis,
648 1800 678 1846 ut
700 1808 749 1848 nos
772 1795 918 1864 quidquam
932 1779 956 1839 B
969 1796 1020 1852 est,
1032 1790 1216 1858 prohibuere:
1236 1808 1288 1846 non
1305 1792 1432 1860 presenti
1447 1792 1610 1862 ignorantia,
1631 1804 1685 1848 non
1712 1791 1755 1848 [ιιὲ

135 1883 232 1937 bomm
245 1883 394 1953 cogitemus
407 1883 449 1937 vel
461 1883 593 1948 dieamus,
606 1883 648 1937 rel
666 1881 791 1952 superbia
814 1883 898 1938 inllati
911 1923 918 1950 ,
970 1889 1029 1936 tura
1041 1883 1185 1954 negligenti
1201 1883 1590 1955 providentiapraetermisisse,
1603 1890 1630 1940 et
1643 1891 1756 1954 praetcr-

134 1972 177 2027 rel
190 1973 218 2027 in
232 1972 330 2027 ‹dvinis
341 1974 420 2027 rebus
434 1973 559 2027 bumana
575 1972 661 2027 laudis
674 1972 799 2041 cupidine
820 1986 919 2042 proran—
968 1971 1082 2026 missom
1102 1975 1304 2028 remitteretur
1324 1974 1506 2044 prohibuisse,
1523 1990 1538 2028 a
1561 1967 1755 2049 coacervandis
1786 2003 1790 2010 ·

135 2062 200 2127 cati,
213 2077 246 2117 ae
258 2061 280 2118 si
297 2068 404 2116 nosmet
417 2061 470 2116 illis
484 2077 537 2116 non
552 2070 657 2116 mutum
670 2063 809 2132 praeferre,
825 2076 919 2117 verum
969 2060 1129 2116 testimoniis
1144 2063 1320 2118 liberalissime
1334 2063 1506 2133 quiescimus.
1523 2061 1666 2118 Sciendum
1678 2069 1753 2131 rere,

134 2154 220 2209 etiem
233 2166 374 2223 coaequare
392 2160 605 2223 praesumamus:
621 2153 668 2208 sed
693 2161 797 2208 tantum
824 2165 920 2209 secun·
967 2151 1121 2209 uonsolurn
1135 2153 1284 2207 secundum
1303 2155 1450 2208 essentiam
1473 2152 1632 2222 divinitatis,
1660 2162 1755 2209 nerunt

135 2245 199 2301 darm
213 2243 293 2312 bolus
306 2244 473 2314 temporibus
491 2242 658 2313 qualitatem,
667 2252 694 2299 et
706 2244 918 2299 imbecillitatem
967 2242 1048 2296 etiam
1062 2245 1208 2300 secundum
1221 2245 1380 2316 mysterium
1388 2245 1533 2302 [lominica
1547 2245 1753 2311 incarnationis,

135 2334 251 2391 fratrum
281 2345 435 2391 nostrorum
458 2335 592 2390 charitate
618 2335 830 2404 compatientes,
853 2334 918 2389 illud
968 2338 1053 2399 tanta,
1070 2334 1256 2400 beoauctore‚
1273 2345 1301 2392 et
1314 2339 1347 2392 ea
1362 2335 1518 2392 eorumdem
1529 2334 1640 2392 Petrum
1661 2342 1756 2393 aucto·

134 2426 290 2496 quarinum,
305 2425 332 2480 ln
347 2440 380 2480 eo
392 2425 555 2489 laboramus,
564 2423 675 2494 ut,quia
690 2424 752 2480 linis
765 2425 856 2479 mundi
872 2440 920 2495 ap·
968 2426 1047 2479 ritate
1062 2428 1156 2480 damus
1168 2434 1194 2481 et
1209 2427 1283 2491 talia,
1298 2436 1399 2497 quanta
1418 2438 1471 2482 non
1487 2425 1572 2483 solum
1588 2413 1754 2499 sapientibus

135 2515 307 2585 propinquat,
319 2514 348 2569 in
359 2529 412 2582 quo
423 2515 493 2569 sicut
508 2515 637 2584 praedicta
659 2522 722 2568 sunt
736 2524 857 2584 tempora
871 2528 921 2584 pe*
968 2514 1135 2582 satisfacere,
1151 2516 1198 2571 sed
1210 2517 1293 2571 etiarn
1305 2516 1402 2573 stultos
1423 2519 1513 2573 valent
1535 2521 1698 2591 opprimere.
1719 2537 1754 2562 -··

135 2599 265 2671 riculoea',
276 2606 358 2660 etiarn
374 2603 436 2659 ideo
448 2605 518 2660 inter
534 2615 632 2660 cetera
648 2604 766 2658 maxime
789 2603 918 2659 iratribus
967 2605 1053 2661 blrssr.
1066 2607 1136 2673 Non,
1152 2607 1270 2676 inquam,
1290 2621 1398 2662 necesse
1412 2615 1453 2663 est
1464 2608 1491 2662 in
1514 2620 1546 2664 eo
1561 2610 1694 2677 laborare,
1719 2617 1753 2665 a'n

135 2697 238 2752 nostru
250 2694 378 2767 prodesse
392 2694 541 2751 salmurus.
552 2696 611 2762 Quo
622 2709 689 2766 ergo
709 2694 802 2751 lideles
818 2695 845 2749 in
865 2695 918 2749 bo-
967 2695 1119 2750 nesciamus
1138 2694 1209 2763 qnod
1231 2694 1331 2749 seimus
1346 2712 1352 2747 :
1368 2695 1431 2765 qnia
1444 2697 1572 2767 quidquid
1584 2697 1682 2754 exinde
1705 2710 1755 2754 cae·

135 2787 250 2844 minoio
262 2795 431 2843 annuento
450 2786 512 2842 lidei
526 2787 639 2842 reddere
657 2787 813 2842 studeamus
825 2794 853 2842 et
878 2787 918 2843 id·
967 2783 1019 2840 teri
1033 2785 1130 2849 sciunt,
1145 2792 1195 2839 nos
1209 2784 1265 2840 liro
1277 2790 1388 2840 auctore
1411 2785 1521 2851 scimus,
1535 2796 1581 2841 atat
1595 2786 1666 2843 scire
1690 2794 1755 2859 pds·

134 2879 211 2933 eiroo
219 2877 283 2949 quin
297 2876 438 2948 praelatum
444 2877 616 2948 symboluma
631 2877 791 2948 quibusdam
802 2878 842 2932 ita
853 2891 917 2933 can·
967 2890 1069 2940 sumus,
1082 2875 1105 2930 si
1121 2891 1174 2930 non
1186 2875 1425 2930 seimus—Para.
1442 2874 1497 2930 lioc
1511 2884 1564 2941 cst,
1577 2869 1752 2949 inquit,quoti

135 2970 189 3024 tari
203 2969 363 3040 repetimus,
376 2977 404 3024 et
415 2969 487 3039 quod
500 2969 526 3023 id
540 2968 713 3024 eclesiastica
724 2974 873 3039 congruere
885 2965 917 3023 tta
966 2964 1107 3029 miramur,
1120 2964 1166 3035 qui
1180 2964 1239 3019 sine
1254 2963 1425 3034 [treiectuoso
1438 2963 1532 3020 labor'e
1546 2965 1657 3036 potestis
1676 2966 1751 3038 qule-

134 3062 188 3122 dei,
200 3061 273 3116 sieut
282 3060 421 3126 sentimus,
439 3069 520 3130 atque
535 3069 584 3130 per
600 3060 652 3115 boc
666 3068 694 3115 et
706 3076 778 3115 nunc
790 3059 849 3129 jam
860 3060 918 3131 plu·¹
967 3069 1053 3121 scere,
1065 3055 1195 3112 laboratis
1209 3055 1404 3124 acquiescatis.
1417 3084 1451 3094 -
1463 3053 1547 3109 blissr.
1561 3054 1621 3111 Non
1637 3056 1697 3113 ideo
1710 3056 1752 3112 ld·

134 3154 219 3209 rimos
237 3152 340 3222 doctos,
350 3160 379 3208 et
390 3154 448 3208 sine
462 3151 515 3207 line
533 3152 657 3221 usquein
676 3151 758 3206 linem
772 3152 863 3207 caecidi
884 3123 952 3208 deC
967 3146 1097 3202 boramus
1110 3160 1144 3201 ne
1156 3147 1338 3217 quiescamus,
1353 3147 1400 3202 sed
1415 3163 1448 3202 ne
1460 3146 1702 3218 pro'p‘terineitiam
1715 3138 1753 3222 pii

133 3246 215 3299 tanto
224 3244 363 3315 mysterio,
378 3245 402 3299 si
414 3245 451 3300 ita
464 3250 598 3310 tenentur,
610 3244 784 3299 instruendos
798 3259 860 3300 esse
870 3259 916 3300 eo-
967 3237 1069 3294 laboris
1091 3238 1231 3307 praemium
1251 3235 1417 3300 amittamus,
1441 3246 1469 3292 ct
1490 3237 1562 3292 salta
1581 3238 1752 3311 diligentiore
1792 3278 1795 3284 ,

133 3333 287 3405 genuimus,
300 3333 345 3404 qui
357 3348 525 3405 nequaquam
548 3333 738 3398 instrueretur,
753 3334 805 3388 n'isi
825 3343 917 3387 canta-
968 3328 1161 3405 inquisitione,
1186 3327 1373 3394 declinataque
1399 3327 1531 3394 pertinaci
1560 3329 1752 3392 contemione,

133 3421 229 3478 retur:
245 3422 339 3478 melius
350 3423 427 3477 nobis
446 3423 532 3477 visum
547 3421 598 3476 init
618 3423 753 3477 cantando
766 3416 854 3476 tantos
875 3422 917 3475 ins
967 3417 1314 3487 arlbrrcmajusacstima‘rnus
1321 3419 1434 3480 luerunt,
1442 3418 1512 3485 quod
1520 3428 1569 3487 per
1576 3419 1628 3474 boc
1636 3417 1662 3472 ln
1670 3419 1753 3475 corde

134 3521 250 3578 struere,
265 3528 344 3582 quam
356 3513 470 3568 tacendo
484 3511 606 3567 indoctos
619 3512 781 3581 relinquere.
803 3510 831 3565 Si
844 3512 917 3565 enim
967 3510 1143 3577 quaerentium
1166 3508 1333 3578 acquiritur,
1351 3508 1433 3577 quam
1452 3507 1642 3562 detrimentum
1667 3508 1704 3593 iri·
1717 3517 1751 3564 ed

134 3603 217 3658 sciret
234 3605 382 3673 paternitas
400 3612 456 3668 tua,
476 3613 577 3673 quanta
599 3613 661 3657 sum
686 3603 765 3658 bodie
784 3603 867 3657 millia
891 3603 921 3658 id*
967 3598 1024 3653 irari
1038 3599 1143 3652 illnr‘unr
1159 3598 1203 3667 qui
1218 3595 1393 3662 addileiunl,
1408 3613 1440 3651 ac
1453 3594 1475 3652 si
1491 3594 1539 3666 per
1551 3592 1749 3656 contumaciam

134 3694 276 3748 scientium
289 3693 353 3762 quia
368 3701 503 3756 cantatur,
511 3693 556 3764 qui
567 3707 706 3762 nunquam
718 3693 815 3749 scituri
825 3702 918 3748 essent
965 3695 1165 3759 contemptores
1178 3694 1350 3757 paternarum
1358 3686 1579 3743 constittaionum
1590 3691 1748 3747 existerent.

133 3783 186 3836 nisi
200 3789 365 3846 motaretur,
380 3781 497 3836 tortasse
507 3781 646 3837 nobiscum
660 3789 778 3845 macres,
790 3788 817 3836 ct
829 3781 856 3837 id
871 3790 918 3835 tuo
966 3781 1045 3836 attan
1066 3788 1107 3837 est
1127 3781 1197 3834 enim
1222 3785 1271 3849 per
1290 3779 1471 3849 arrogantiam
1490 3778 1666 3836 transiliendo
1680 3781 1750 3837 bona

132 3874 216 3928 etiam
230 3887 361 3929 consensu
374 3860 564 3928 uteantarctur
572 3873 770 3943 acquiesceres.
784 3901 820 3913 -
833 3871 915 3928 Part.
966 3875 1148 3935 contemnere,
1170 3871 1241 3924 aliud
1256 3871 1326 3923 leona
1340 3883 1390 3937 per
1407 3867 1623 3923 benevdentiam
1638 3871 1749 3924 meliora

133 3962 245 4017 interim
265 3963 390 4018 assentio.
421 3961 633 4029 Verumtamen,
656 3978 756 4034 quaeso,
785 3957 917 4034 responde
967 3960 1219 4017 edicere-Para.
1233 3959 1307 4014 lstnd
1318 3974 1425 4029 quoque
1439 3959 1490 4014 etsi
1510 3962 1536 4013 in
1551 3961 1711 4028 quibusdam
1725 3971 1753 4015 nt

132 4053 200 4108 mibi
214 4071 221 4107 ε
237 4052 304 4107 Nam
318 4053 442 4108 urrirersa
460 4054 613 4121 huiusmodi
627 4054 688 4110 [idei
699 4056 812 4125 mystica
826 4070 917 4110 sacra·
966 4061 1062 4124 agatur
1071 4051 1170 4106 bonnam
1181 4058 1239 4115 est,
1255 4058 1409 4103 nontamen
1429 4049 1490 4105 ideo
1502 4050 1602 4119 ubique
1619 4053 1750 4121 agernlrnn

133 4153 236 4208 niente,
254 4158 313 4212 que
325 4143 447 4215 symbolo
462 4160 514 4198 non
526 4145 708 4210 continentur,
735 4145 794 4201 sine
820 4147 917 4214 qudsus
965 4151 1016 4198 est.
1031 4140 1088 4208 Qua
1106 4142 1139 4196 de
1154 4156 1184 4195 re
1205 4139 1288 4194 nrtrlta
1302 4141 1327 4195 id
1341 4140 1378 4194 ita
1392 4155 1452 4196 esse
1464 4141 1607 4210 probantia
1624 4143 1686 4198 addi
1702 4160 1750 4215 po-

132 4233 258 4302 quisque,
270 4232 317 4301 qui
344 4233 378 4287 ad
403 4233 454 4288 boc
470 4233 623 4304 pertingere
644 4243 742 4304 potest,
768 4235 917 4291 catholicus
967 4242 1055 4287 terant
1071 4231 1244 4287 testimonia:
1266 4232 1313 4285 scd
1326 4245 1370 4305 res
1384 4245 1434 4300 per
1447 4246 1477 4286 se
1499 4231 1644 4289 admodum
1665 4242 1753 4304 patet,

133 4335 196 4376 csse
209 4330 369 4391 nonpotest,
382 4322 508 4392 symbolis
520 4324 674 4388 inserenda,
688 4332 831 4395 etpropter
843 4339 917 4381 com·
965 4333 1065 4393 quanto
1079 4322 1172 4379 melius
1190 4325 1235 4387 sit,
1252 4335 1281 4380 ut
1300 4327 1416 4394 quisque
1437 4325 1576 4396 quodlibet
1592 4327 1692 4382 bonum
1715 4328 1751 4381 ita

132 4411 263 4480 pendium
275 4410 588 4482 minusintelligcntium,
599 4420 629 4466 ut
641 4411 863 4482 cuiquclibuerit,
872 4414 916 4468 ad·
968 4423 997 4466 nt
1012 4423 1054 4468 est
1066 4413 1130 4469 utile
1153 4416 1266 4470 reddere
1280 4417 1409 4473 studeat:
1425 4427 1482 4482 aue
1501 4419 1525 4473 si
1539 4417 1608 4475 sorte
1618 4420 1646 4474 id
1665 4420 1752 4489 ipsam

133 4501 222 4556 dmtda
237 4501 368 4557 snntta-
386 4501 470 4558 bitssr.
483 4502 656 4574 Nequaquam
674 4521 680 4558 :
695 4505 757 4574 quia
773 4509 824 4560 noa
839 4518 916 4575 ecque¹
968 4505 1066 4560 brintum
1091 4506 1185 4561 coelius
1201 4506 1306 4563 edicere
1325 4509 1431 4573 nititur,
1454 4511 1505 4566 lroc
1529 4512 1617 4579 primo
1638 4521 1752 4577 manat,

63 4604 65 4607 ’
132 4592 226 4645 omnia
240 4593 390 4649 neucesaria
411 4600 533 4648 snntoe-
552 4594 633 4649 Para.
658 4594 713 4649 Etsi
730 4602 783 4650 non
802 4596 914 4661 oniniu,
968 4592 1019 4648 boc
1033 4594 1193 4664 magnopere
1206 4598 1364 4665 perpendat,
1380 4614 1413 4653 ne
1426 4608 1454 4654 ct
1475 4600 1587 4656 seuitra
1606 4616 1688 4670 qnam
1703 4603 1751 4656 tie-¹

131 4690 208 4736 certe
219 4681 335 4750 plurima
345 4691 408 4736 surrt
420 4683 465 4737 bis
479 4683 589 4750 similia,
603 4698 662 4753 que
683 4684 733 4738 nisi
749 4700 764 4738 a
789 4685 916 4756 capienti:

131 4773 184 4829 bus
203 4772 360 4838 credantur,
371 4773 496 4829 eallmlici
508 4788 631 4830 essenon
652 4784 773 4845 possunt.
787 4807 820 4815 —
831 4775 915 4830 iirssr.

132 4861 251 4916 dabisne
263 4863 373 4932 aliquid,
388 4878 441 4918 aron
456 4865 518 4918 dico
528 4865 677 4929 sublimius,
690 4865 737 4920 sed
749 4865 843 4920 saltem
856 4864 917 4920 huic

131 4952 222 5006 simile
242 4954 363 5024 symbolo
382 4955 497 5009 deesse?
520 4984 554 4994 -
568 4955 647 5009 Part.
671 4955 771 5024 Nrrnpe
793 4956 876 5020 dabo,
891 4964 918 5010 et

131 5041 303 5097 abundanter
317 5043 396 5099 dabo.
414 5043 543 5099 a-ttresr.
562 5045 599 5099 lia
617 5044 704 5114 primo
724 5058 819 5108 unrrm,
842 5051 868 5099 ct
895 5045 918 5099 si

131 5138 244 5188 nebestm
255 5134 348 5202 iuerit,
363 5136 431 5191 adde
450 5136 575 5192 alterum.
587 5166 623 5176 -
634 5136 714 5192 Para.
740 5135 809 5204 Quia
831 5137 917 5193 amica

130 5229 225 5298 agitur
241 5230 498 5299 contentioneque!
513 5231 609 5299 agitur,
630 5239 658 5284 et
673 5243 723 5300 pro
744 5239 918 5299 utrarumque

129 5317 249 5387 partium
265 5321 394 5390 quaeritur
409 5320 493 5374 saltate
512 5322 582 5390 quod
604 5322 733 5390 quaeritur
753 5319 844 5391 (asenne
865 5321 918 5375 nti-

130 5416 196 5460 nam
213 5407 319 5476 quoties
332 5408 431 5477 aliquid
448 5409 599 5479 hujnsrnodi
619 5410 646 5464 in
668 5409 815 5480 majoribus
828 5416 876 5469 sen
891 5411 917 5464 in

129 5497 282 5553 armoniam
307 5498 499 5554 ecclesiasticis
523 5500 564 5553 sci
590 5489 729 5556 catlrolicis
759 5500 919 5556 utilitatibus

127 5586 271 5656 qaaeritur,
291 5589 328 5643 lta
344 5604 391 5658 per
413 5590 503 5644 omnia
520 5590 630 5659 pacifice
651 5591 708 5646 sine
730 5602 855 5661 perversa
877 5591 918 5646 in-

129 5675 253 5730 tentione
261 5683 466 5748 quaerereturt),
477 5694 510 5732 ne
524 5679 586 5747 qnid
600 5678 668 5734 torte
679 5679 713 5735 de
725 5689 777 5735 tarn
789 5687 918 5734 reneren-

968 4683 1027 4737 bnit
1047 4684 1219 4739 temerarium
1242 4688 1440 4754 presumendo,
1453 4697 1482 4744 ct
1494 4689 1559 4745 illud
1574 4692 1644 4761 quod
1663 4707 1754 4762 perse

969 4775 1077 4829 salubre
1089 4785 1147 4829 erat
1159 4775 1254 4830 reddat
1268 4779 1378 4834 noxium
1393 4783 1601 4850 corrumpendo.
1620 4783 1678 4839 Nisi
1691 4786 1753 4855 quis
1782 4810 1787 4820 ·

970 4863 1039 4918 toz-n
1054 4880 1175 4936 asserere
1187 4866 1250 4921 uelit
1267 4868 1299 4923 dc
1313 4870 1439 4936 presenti
1451 4872 1520 4927 unde
1539 4875 1639 4942 agitur,
1653 4875 1695 4930 sel
1712 4877 1752 4930 si··

970 4943 1078 5010 milibus
1092 4955 1227 5025 capitulis,
1240 4973 1300 5026 quae
1316 4958 1375 5012 sine
1386 4959 1506 5028 periculo
1519 4978 1569 5019 suo
1580 4964 1677 5021 docere
1688 4966 1752 5021 licet

969 5053 997 5098 et
1014 5044 1130 5110 discere,
1145 5055 1176 5101 ut
1188 5048 1254 5101 ordo
1266 5046 1377 5104 docendi
1393 5049 1483 5106 licitus
1502 5052 1662 5119 dimittetur,
1676 5065 1704 5110 et
1715 5056 1751 5109 ibi

969 5133 1139 5199 descrantur,
1147 5134 1192 5188 ubi
1200 5150 1334 5204 nurrquam
1347 5136 1474 5208 deinceps
1481 5140 1635 5198 docensaut
1646 5145 1752 5198 discens

969 5222 1163 5290 innocens,sed
1175 5240 1354 5295 sempersene
1368 5227 1394 5282 in
1409 5233 1630 5302 trarrsgressiunie
1639 5232 1756 5285 trintina

970 5317 1066 5370 nrerito
1081 5317 1221 5387 culpabilis
1243 5328 1358 5389 interque
1380 5319 1526 5388 indicetur.
1550 5323 1626 5389 erod
1645 5332 1672 5376 te
1695 5321 1751 5376 tora

971 5417 1050 5470 tasse,
1066 5408 1087 5462 si
1101 5424 1155 5462 riou
1171 5409 1324 5480 dedigneris
1343 5413 1451 5479 audire,
1475 5430 1527 5469 reon
1539 5414 1674 5469 immerito
1694 5424 1754 5468 tan·

970 5499 1029 5567 git:
1045 5500 1089 5568 qm
1112 5500 1156 5554 bie
1170 5502 1241 5568 qnod
1255 5503 1385 5559 hactenus
1401 5505 1426 5557 in
1449 5503 1567 5558 Ecclesia
1581 5503 1637 5566 Dei,
1655 5513 1683 5559 ει
1699 5504 1754 5561 sibl

970 5589 1085 5659 quisquc
1099 5590 1207 5658 sapiens
1224 5593 1305 5654 seire,
1317 5601 1344 5646 et
1360 5592 1417 5646 sine
1427 5591 1589 5659 cogitatione
1603 5592 1695 5648 delicti
1709 5593 1748 5648 im

971 5683 1101 5750 sipienter
1116 5683 1202 5750 potuit
1216 5685 1321 5744 docere,
1331 5683 1386 5750 jam
1404 5681 1529 5749 deinceps
1542 5697 1596 5737 uon
1610 5681 1671 5738 dico
1685 5683 1753 5740 stul-
