3810 6120
112 351 147 407 ts
533 347 790 404 contectlblttts
805 347 839 400 td
858 347 1046 404 tristdtns
1064 349 1108 404 tlt
1128 349 1332 405 evanescet.
1709 351 1743 408 db

113 466 182 516 siam
197 462 315 524 vertisse,
327 460 459 530 designat.
475 458 596 513 Primum
616 459 715 529 quippe
728 457 818 537 seculi
832 466 900 511 tcm-
914 463 938 521 ,t
952 460 1021 525 Qttid
1036 460 1101 515 milti
1113 468 1141 515 et
1157 461 1203 515 tibi
1216 470 1269 526 cst,
1284 461 1391 525 mulier,
1404 462 1540 533 significat
1552 480 1581 518 sc
1592 463 1743 531 divinitate,

113 571 175 624 pus,
198 560 262 607 ante
275 553 374 622 legem,
402 551 620 620 patriarcharum
640 548 778 618 exemplis.
805 548 905 603 Secun-
955 565 1008 618 qua
1022 550 1181 604 miraculum
1195 557 1254 606 erat
1270 552 1441 621 patrandum,
1467 569 1521 607 uon
1540 553 1745 623 principiumse

113 645 176 699 dum
194 645 246 699 sub
272 642 340 713 lege,
354 641 548 711 prophetarum
575 639 693 710 scriptis.
720 638 840 693 Tertium
855 638 905 694 sub
956 640 1140 710 temporaliter
1165 641 1304 711 accepisse
1317 641 1351 698 dc
1374 651 1474 711 matre,
1498 643 1547 699 sed
1565 642 1744 698 retentitatem

112 735 199 802 gratia
228 731 372 803 praeconiis
409 729 643 799 Euangelistarum
657 732 734 799 quasi
761 729 840 783 tertia
851 728 905 784 diei
954 745 1062 801 semper
1073 731 1202 787 babuisse
1216 730 1250 786 de
1263 731 1353 786 Patre.

113 831 184 891 luce,
213 825 315 881 mundo
340 821 455 878 refulsit.
481 823 582 893 lnquo
594 820 723 876 Dominus
736 828 763 875 et
779 819 905 875 Salvator
991 821 1118 876 Nondum
1134 822 1279 877 venilliam
1293 839 1360 876 mea.
1381 820 1505 877 Nondum
1531 822 1606 878 venit
1626 823 1745 888 liora,ut

114 927 270 986 nosterpro
288 915 474 984 redemptione
493 914 600 986 generis
616 913 726 968 immani
746 914 905 969 incarnatus
955 910 1127 983 fragilitatem
1157 913 1334 969 humanitatis
1363 929 1397 970 ex
1413 922 1440 970 te
1455 922 1580 985 sumptae,
1604 916 1746 972 moriendo

113 1007 248 1077 apparuit,
261 1007 309 1061 sed
324 1012 352 1060 ct
365 1004 500 1077 hocquod
513 1001 624 1058 incana
638 1001 767 1068 Galilaeae,
784 1003 864 1058 idest
877 1003 905 1059 in
956 1003 1149 1059 demonstrem.
1176 1003 1247 1059 llora
1276 1019 1342 1076 ergo
1368 1005 1488 1062 noandum
1516 1015 1636 1071 venerat,
1665 1005 1745 1064 illest

113 1100 173 1154 zelo
189 1095 437 1167 transmigrationis
459 1103 621 1166 perpetrate
633 1096 727 1150 cadem
750 1094 904 1165 nuptimla-
955 1096 1098 1164 passionis,
1120 1096 1183 1165 quia
1205 1096 1334 1152 faciendae
1358 1108 1435 1154 erant
1461 1099 1586 1168 virtutes,
1610 1115 1745 1157 commen

112 1188 364 1259 caeperlaibentur,
386 1187 475 1259 typice
497 1186 638 1242 denuntiat
648 1202 696 1242 eos
711 1187 827 1240 maxime
842 1201 903 1256 gra·
956 1186 1379 1254 daudacratdivinitasllomini,
1399 1191 1612 1248 commendanda
1622 1202 1680 1248 erat
1697 1194 1748 1249 bu-

115 1282 152 1335 tia
165 1279 265 1345 Christi
291 1279 387 1348 dignos
398 1278 528 1344 existere,
554 1278 601 1346 qui
624 1277 724 1332 zeloac
739 1276 905 1346 servoreptae
955 1277 1072 1332 manitas
1097 1277 1213 1343 Domini,
1239 1280 1265 1335 in
1279 1280 1336 1350 ipsa
1355 1283 1542 1353 compassione
1562 1285 1743 1342 mortalitatis.

112 1370 275 1434 dovotionis,
300 1379 328 1424 et
339 1369 459 1425 aemulari
487 1368 655 1424 charismata
685 1367 809 1430 meliora,
826 1381 859 1421 ac
872 1365 905 1421 de
957 1368 1036 1421 Venit
1048 1378 1138 1422 autem
1155 1369 1231 1434 bora,
1248 1378 1277 1424 ut
1290 1373 1354 1440 qtrid
1379 1373 1472 1427 sibiet
1497 1374 1578 1428 matri
1600 1390 1756 1430 commutire:

112 1462 189 1515 vitiis
202 1461 236 1515 ad
264 1460 378 1513 virtutes
401 1460 471 1514 bona
494 1457 642 1527 operando,
668 1457 702 1512 de
729 1457 845 1512 terrenis
871 1457 905 1510 ad
955 1466 1029 1511 essct
1044 1459 1211 1522 ostenderet,
1231 1474 1291 1512 cum
1311 1475 1371 1514 eam
1397 1461 1749 1529 moriturusincruce,di-

112 1557 336 1613 aeteruanorunt,
352 1547 487 1617 sperando
503 1547 656 1602 ctamaudo
667 1547 868 1616 transmigrare.
956 1547 1059 1616 seipulo
1073 1547 1168 1616 virgini
1194 1549 1324 1617 virginem
1351 1551 1560 1606 commendarit.
1577 1549 1662 1621 llrrg'tts
1680 1569 1758 1608 tero¹

152 1637 261 1707 tliuptiae
278 1632 558 1705 [consarcinatione
571 1631 763 1705 Gallinamfflx
780 1634 904 1704 llieron.)
956 1639 1029 1692 bone
1064 1638 1194 1693 Eurrrinus
1213 1640 1240 1694 in
1265 1656 1348 1696 cruce
1373 1643 1494 1711 pendens
1519 1660 1753 1710 eontmemoraus,

115 1728 246 1783 bontiams
266 1726 301 1780 ad
312 1727 419 1795 nuptias
443 1725 471 1780 in
497 1726 569 1780 bum
596 1724 726 1779 murulum
739 1724 825 1788 seuit,
840 1724 904 1794 pria
956 1729 1026 1783 dixit
1038 1730 1117 1783 matri
1133 1746 1140 1783 ε
1157 1728 1261 1796 Mulier,
1277 1746 1342 1786 ecce
1353 1730 1424 1788 lilius
1438 1741 1515 1801 tuus;
1530 1735 1609 1803 quasi
1622 1734 1756 1800 dixisset,
1836 1744 1844 1754 ·

113 1827 237 1874 sanctam
258 1817 409 1873 Ecclesiam
435 1816 486 1872 sibi
504 1816 648 1886 copulavit.
670 1816 708 1871 lle
726 1831 778 1884 qua
791 1815 904 1885 Aposto·
917 1821 940 1879 B
954 1834 1028 1883 cccc,
1042 1819 1178 1889 becquod
1190 1820 1223 1874 tle
1246 1829 1272 1874 te
1284 1821 1387 1891 sumpsi
1401 1824 1480 1878 medo
1505 1824 1657 1878 ostenditur
1686 1841 1746 1879 ano-

113 1913 157 1966 lus
169 1910 227 1965 ait:
242 1910 338 1980 Aptari
352 1924 401 1964 ros
417 1908 464 1963 uni
478 1909 536 1963 viro
558 1908 691 1978 uirginem
717 1906 906 1961 castaruexlti·
955 1908 1058 1972 riendo,
1089 1910 1234 1978 quidest,
1261 1924 1321 1978 qum
1344 1918 1435 1966 tamen
1454 1921 1550 1966 natrrra
1575 1913 1753 1982 postmodum
1811 1928 1823 1939 ·

114 2003 178 2056 bcre
191 2001 299 2057 Cbristo
315 1998 358 2072 (ll
375 1996 503 2068 Gor.1r),
530 1997 612 2051 babet
634 2011 699 2067 ergo
712 2012 838 2065 sponsam
852 1995 904 2052 Ec·
955 1997 1126 2053 clarificanda
1137 1998 1192 2054 erit
1203 1998 1230 2052 in
1245 1999 1451 2055 resurrectionis
1465 2000 1560 2070 gloria.

111 2092 235 2157 ciceiam,
248 2105 328 2160 quam
344 2089 458 2144 redemit
470 2088 600 2158 sanguiue
616 2103 675 2152 suu,
699 2095 726 2142 ct
747 2086 791 2142 cui
808 2087 905 2157 pignus
990 2087 1061 2141 Dicit
1073 2099 1157 2142 muter
1175 2089 1232 2158 ejas
1246 2089 1382 2154 ministris,
1407 2090 1580 2163 quodeunque
1596 2091 1691 2146 dixerit
1704 2109 1748 2147 re-

113 2183 189 2237 derlit
219 2182 352 2251 Spiritum
383 2186 516 2243 sanctum,
533 2193 616 2247 quam
647 2177 698 2231 sibi
725 2174 864 2243 conjunxit
878 2175 905 2230 iu
955 2177 994 2230 bia
1007 2175 1096 2245 facite.
1117 2177 1227 2234 Sciebat
1239 2186 1326 2234 mater
1339 2180 1536 2236 humanitatem
1551 2179 1600 2236 lllii
1611 2182 1664 2248 sui,
1680 2182 1752 2238 licet.

113 2282 194 2325 utero
209 2270 335 2341 virginis.
352 2270 467 2325 Verbum
489 2268 562 2324 enim
577 2283 692 2338 sponsus
707 2307 715 2331 ,
729 2281 827 2336 sponsa
840 2281 906 2322 earo
956 2269 1008 2324 boc
1021 2269 1101 2325 modo
1115 2269 1252 2325 videretur
1276 2269 1410 2340 negando,
1422 2271 1494 2344 guod
1509 2272 1648 2341 poscebat,
1661 2282 1748 2329 mater

114 2362 249 2425 lutmaua,
261 2368 290 2414 et
302 2369 445 2428 utrumque
458 2376 527 2413 unus
540 2358 625 2413 Filius
640 2357 698 2423 llei,
713 2365 742 2414 ct
752 2358 822 2413 idem
835 2357 906 2412 lilius
956 2366 1048 2411 tamen
1061 2356 1164 2411 sciebat
1175 2357 1303 2427 pietatem
1317 2358 1365 2414 lilii
1378 2359 1450 2431 quod
1460 2374 1558 2431 negare
1568 2361 1663 2427 noluit,
1676 2365 1746 2431 quod

114 2452 246 2517 lroruinis,
262 2451 349 2506 lactus
361 2459 404 2505 est
428 2457 509 2520 caput
523 2449 663 2513 sceleste,
685 2457 713 2502 et
725 2447 858 2519 processit
873 2447 907 2502 de
955 2445 1109 2516 petebam,
1122 2447 1282 2504 fiducialiter
1295 2449 1433 2504 mandavit
1457 2450 1601 2517 ministris,
1627 2460 1657 2506 ιιι
1669 2467 1747 2507 man-

115 2541 247 2605 tbalamo,
260 2540 338 2608 quasi
351 2553 478 2610 sponsus.
492 2538 640 2594 Titalamus
658 2537 730 2592 euim
743 2536 802 2606 ejus
814 2543 907 2591 uterus
956 2538 1020 2593 data
1039 2538 1085 2594 lilii
1103 2539 1224 2610 jubentis
1237 2540 1389 2612 inrplercnt.

115 2633 227 2702 virginis
237 2631 287 2687 luit
297 2650 304 2685 :
316 2631 398 2688 Venit
411 2632 446 2687 ad
458 2631 566 2701 nuptias
579 2630 608 2684 in
621 2627 695 2684 Cana
708 2626 833 2690 Galilaeae,
847 2640 907 2680 cer·
992 2628 1077 2683 Erunt
1108 2640 1197 2686 autem
1208 2632 1245 2685 ιἰι
1259 2631 1370 2703 lapideae
1383 2633 1486 2704 lrpdrioe
1501 2651 1549 2689 rea
1570 2635 1674 2706 parite.
1695 2634 1749 2706 ΙΙ]-

116 2723 135 2774 ιι
155 2722 333 2787 Sacramenti,
358 2721 434 2777 Cana
462 2736 579 2791 nauaque
604 2718 678 2774 aelus
702 2719 906 2788 iuterpretatur,
957 2718 1023 2774 driac
1044 2729 1175 2777 vocantur
1192 2737 1256 2779 vasa
1271 2738 1415 2791 aquarum,
1428 2723 1523 2781 Graece
1534 2724 1605 2801 ὕδωρ
1624 2742 1694 2797 aqua
1706 2726 1748 2781 di-

116 2813 229 2868 Galilaea
242 2813 442 2885 transmigratio
454 2811 535 2868 iacta.
920 2870 922 2876 ᾗ
957 2810 1039 2866 citur.
1063 2811 1141 2880 Aqua
1156 2826 1222 2866 vero
1244 2811 1391 2882 Scriptura
1408 2829 1493 2868 saerae
1519 2816 1662 2871 scientiam
1679 2816 1750 2873 desi-

154 2925 189 2978 Et
212 2935 267 2980 erat
295 2936 384 2980 mater
410 2925 476 2980 lesa
491 2926 537 2982 ilai.
558 2926 643 2981 llater
675 2923 739 2980 lesu
759 2924 787 2979 in
806 2924 909 2994 nuptiis
956 2909 1032 2971 3⁰³²·
1061 2916 1122 2971 (ἴω
1144 2916 1210 2957 ⁸⁰⁰⁸
1240 2901 1377 2957 ²¹¹di²⁰s⁰⁸
1392 2911 1449 2958 ⁰²³
1474 2913 1649 2972 mmmmm
1669 2908 1750 2967 ΜΒ

116 3017 267 3071 “mitur
289 3032 434 3090 synagoga,
450 3034 483 3075 ω
496 3020 568 3090 quod
582 3018 722 3074 Christum
741 3015 907 3071 amimea,
957 2991 1078 3056 abluere,
1094 2992 1232 3047 etdivinae
1258 2992 1422 3063 cognitionis
1448 2993 1520 3049 solet
1541 2993 1617 3050 lonte
1643 3003 1748 3066 potare.

116 3107 172 3160 gum
184 3116 323 3177 prom,
960 3081 1100 3148 Vasacen,
1117 3082 1216 3151 quibus
1240 3081 1439 3147 continebatur,
1465 3084 1548 3140 eorda
1576 3093 1641 3140 sunt
1653 3088 1749 3145 devota

156 3195 271 3250 vom
288 3206 325 3251 a,
343 3207 430 3251 amm
447 3196 537 3263 hm,
557 3207 582 3252 a
596 3197 719 3268 (puppup
736 3198 794 3268 epm
807 3197 842 3251 “d
856 3213 906 3251 nu,
921 3175 943 3238 (ζ
959 3179 1126 3236 sauctorum,
1138 3170 1395 3243 quorumperlcctio
1407 3173 1515 3229 vitared
1539 3175 1693 3247 exemplum
1707 3192 1750 3235 re-

116 3285 196 3347 artua.
217 3284 295 3352 Quod
307 3285 437 3341 [ιοιιιιιιιιι
449 3287 524 3342 veuit
537 3287 570 3341 ad
591 3287 707 3357 nuptias,
722 3294 835 3355 excepta
851 3302 907 3356 my·
956 3270 1002 3318 αθ
1015 3261 1187 3317 “edfflubus
1211 3261 1298 3331 βοείῃ
1325 3269 1377 3328 ω·
1402 3277 1451 3332 9⁰¹
1465 3278 1513 3318 Μ
1539 3266 1630 3321 mun
1644 3275 1748 3331 ³³¹³&

116 3375 185 3429 stica
204 3375 403 3446 signilleatione
414 3377 576 3433 confirmare
600 3377 694 3441 voluit,
713 3378 784 3448 qarotl
799 3378 856 3448 ipsc
869 3377 908 3432 le-
958 3368 1045 3422 ¹¹⁸‘l¹¹⁰
1058 3351 1092 3407 ³⁶
1120 3352 1265 3407 advemum
1288 3351 1406 3419 ⁰⁰⁰¹i¹¹¹2
1422 3361 1451 3408 ⁰²
1472 3353 1542 3431 ¹³ss⁰⁰
1568 3352 1752 3426 ¹³Pid⁸²⁸¹¹m

116 3466 164 3519 „g
179 3464 226 3520 550
238 3467 311 3521 enim
324 3467 383 3535 ipse
397 3467 450 3522 ,po
472 3467 533 3522 1000
545 3468 582 3522 ap
596 3486 602 3521 :
620 3468 690 3538 quod
707 3467 834 3522 pompm,
846 3483 908 3521 con,
958 3460 1035 3510 vasa‚
1053 3443 1116 3512 quia
1130 3442 1210 3498 lurtia
1225 3451 1289 3498 sunt
1306 3442 1546 3514 eordajostorum,
1559 3454 1663 3518 utpote
1677 3449 1751 3504 illius

68 3560 79 3586 t
116 3553 215 3622 imp,
231 3556 310 3610 gom
322 3572 374 3610 m
387 3565 488 3626 „weg
506 3555 616 3628 (gaug,
631 3555 700 3627 m),
958 3534 1056 3604 lapidis
1080 3534 1224 3589 dilectione
1239 3533 1364 3589 solidata.
1379 3535 1418 3590 lle
1429 3549 1483 3604 quo
1496 3536 1593 3592 Petrus
1603 3535 1750 3608 Apostolus

153 3644 208 3714 (ἡ
218 3645 315 3717 ΒΜ)
333 3646 441 3702 primus
462 3648 617 3717 nuptiarum
630 3647 705 3704 locus
718 3646 810 3704 ΜΝ
824 3659 908 3707 mu,
958 3624 1086 3680 dicebat:
1104 3623 1146 3677 nd
1160 3639 1236 3695 prtem
1256 3623 1408 3679 accedentes
1419 3623 1534 3690 lapidem
1551 3626 1645 3693 citam,
1660 3638 1685 3683 rt
1701 3628 1756 3699 ipsi

119 3736 162 3800 tit,
175 3738 202 3791 in
215 3753 270 3807 qua
296 3739 382 3794 Eilius
407 3741 454 3795 bei
464 3742 546 3796 bomo
563 3742 633 3807 tert,
647 3752 676 3798 et
700 3744 849 3799 Ecclesiam
864 3745 906 3800 sui
958 3726 1084 3787 mquam
1098 3713 1199 3785 ‘apide'
1214 3715 1265 3770 Μ
1276 3715 1526 3786 mmmmm
1540 3715 1566 3789 u
1582 3715 1656 3777 pm·
1670 3722 1714 3791 ”J‘

117 3829 435 3902 mrpurisacsanguiuis
453 3833 658 3903 participatione
681 3849 852 3897 corrseerare,
866 3836 908 3890 aui
994 3827 1144 3884 Secundum
1152 3829 1361 3898 purificationem
1376 3827 1543 3885 ludaeorum.
1563 3831 1637 3887 Bene
1653 3840 1745 3888 autern

118 3919 239 3989 Spiritus
247 3920 359 3991 pignore
368 3921 399 3977 in
413 3921 466 3978 fide
484 3923 646 3980 confirmare
660 3924 845 3994 dignatusest,
860 3927 909 3982 sed
958 3918 1061 3991 hydria}
1090 3920 1237 3974 secundum
1253 3918 1470 3990 purificationem
1485 3917 1639 3977 iudaeorum
1654 3924 1749 3993 postia·

118 4011 266 4066 emesae
286 4011 612 4085 nuemgerrrtbus,usque
638 4017 672 4070 au
688 4017 841 4072 unesorbis
855 4026 910 4072 ter-
959 4007 1287 4078 erantuuialulaeorum
1300 4016 1404 4064 aarum
1417 4010 1750 4082 populo,te1perttoysen
1834 4003 1838 4009 ’

118 4117 166 4166 ms,
192 4103 350 4157 earumdem
368 4105 522 4175 nuptiarum
548 4106 639 4161 votiva
665 4106 761 4175 gaudia
779 4122 909 4177 marene-
959 4100 1022 4155 data
1036 4107 1088 4164 est,
1103 4100 1190 4168 gratia
1202 4109 1292 4155 autem
1304 4108 1334 4155 et
1344 4101 1444 4156 veritas
1455 4101 1606 4172 Evangelii,
1619 4104 1750 4159 undeo-

116 4202 191 4247 runt
959 4189 1044 4254 tibus,
1072 4204 1152 4258 uttam
1177 4190 1259 4244 etiam
1273 4187 1373 4244 ludaeis
1392 4189 1567 4246 credentibus
1591 4205 1642 4260 per
1656 4189 1750 4248 Jcsutrt

157 4284 189 4337 Et
207 4284 343 4353 deficiam
356 4286 425 4341 uino.
444 4287 636 4343 Diseumbentc
648 4296 738 4342 autem
748 4287 784 4342 ad
798 4287 911 4357 nuptias
960 4279 1100 4337 christum
1113 4279 1185 4335 stell
1198 4291 1241 4334 ⁰⁸²
1252 4279 1343 4351 (5⁰st
1356 4280 1388 4350 t).

117 4375 335 4433 Dominarinum
351 4379 462 4446 deiecit,
489 4381 596 4436 utrina
625 4381 737 4436 meliore
760 4395 809 4451 per
822 4380 909 4450 ipsum
995 4368 1257 4440 Copierrtearingulac
1279 4378 1401 4425 mimas
1418 4370 1493 4426 &W
1520 4371 1559 4427 Μ
1573 4381 1679 4430 ΨΜ·
1699 4374 1749 4447 (Ex

116 4466 237 4522 mirabili
253 4469 348 4524 ordine
368 4469 440 4525 sacto
453 4470 675 4527 manifestaretur
698 4472 785 4543 gloria
798 4471 908 4527 latentis
961 4467 1088 4540 August.)
1106 4468 1176 4535 Quid
1189 4474 1232 4522 est
1245 4481 1310 4538 ergo
1330 4484 1338 4521 τ
1362 4465 1513 4538 capiebant
1529 4476 1659 4525 metretas
1673 4469 1752 4526 binas

119 4559 147 4612 in
162 4560 271 4615 laotniue
284 4562 343 4627 Dei,
369 4571 396 4617 et
409 4564 577 4619 credentium
602 4565 630 4620 in
648 4580 710 4619 eum
733 4574 813 4620 aucta
842 4563 910 4621 lides
959 4560 1003 4615 vel
1017 4560 1129 4615 ternosl
1157 4558 1314 4630 llysterium
1340 4558 1419 4615 nobis
1433 4560 1553 4616 ttraaime
1574 4560 1625 4616 ista
1650 4559 1753 4617 lmutie

118 4654 273 4721 proliceret.
288 4653 401 4721 Quodsi
415 4659 571 4728 mysterium
586 4659 743 4730 quaerimus,
759 4668 909 4731 apparente
959 4649 1261 4707 commem-⁵¹0³&
1272 4652 1507 4708 minimulum
1523 4653 1750 4722 mmmm·
1822 4672 1824 4676 ’

120 4743 234 4798 ltomiuo
249 4744 275 4798 iu
288 4761 382 4809 earne,
398 4761 506 4802 meraca
532 4748 579 4802 illa
591 4749 686 4820 legalis
709 4763 805 4805 sensus
819 4750 909 4805 suari·
958 4744 1030 4800 sicut
1042 4759 1111 4798 urna
1132 4743 1311 4813 velampbora
1339 4758 1388 4799 seu
1396 4743 1490 4799 etatis
1501 4757 1643 4799 mensurae.
1656 4746 1756 4820 napo

119 4835 317 4903 mpuutaum
340 4847 471 4908 pappam,
495 4840 533 4894 οξ,
550 4840 687 4895 cantatam
711 4840 909 4896 pharisoeorum
959 4833 1032 4888 euim
1044 4834 1295 4889 incasuramdicuut
1305 4833 1403 4889 Greci.
1429 4832 1488 4888 Non
1501 4834 1575 4888 enim
1584 4831 1688 4890 dictum
1698 4845 1750 4896 est,

118 4923 372 4993 interpretationem
397 4930 515 4998 apcisea
535 4945 583 4984 sua
599 4930 699 4985 virtute
718 4918 844 4995 deficere,
862 4929 909 5000 qul
959 4923 1096 4992 capientes
1109 4931 1249 4988 mollitias,
1262 4922 1322 4978 ²15ae
1331 4923 1419 4987 lti¹¹³⁸2
1433 4921 1493 4978 ²¹1³}
1506 4929 1607 4990 milii·
1623 4922 1672 4978 sed
1686 4924 1751 4992 illssw'u

118 5033 184 5070 amn
197 5032 229 5071 ea
239 5034 300 5088 qtrae
318 5022 437 5076 earnalia
462 5023 622 5078 videbantur
640 5024 767 5079 mandata
781 5025 814 5079 ad
829 5024 910 5090 spiri·

119 5109 222 5173 tualem
234 5112 368 5167 cmtvertit
383 5113 544 5168 doctrinam.
565 5115 750 5187 (iunctamque
765 5117 862 5172 litterae
877 5116 912 5173 le·

119 5202 190 5272 galis
215 5205 386 5271 strperlrcicm
413 5207 440 5260 in
461 5208 650 5277 Evangelieam
674 5209 792 5264 caelestis
819 5210 913 5281 gratiae

118 5292 249 5345 virtutem
269 5295 395 5358 mutavit,
409 5298 480 5364 qttod
492 5306 545 5354 est.
556 5299 649 5352 vitrum
672 5297 770 5354 iecisse
784 5301 817 5354 de
832 5316 911 5370 aqua.

156 5382 226 5437 Dicit
241 5393 325 5438 muter
335 5382 399 5438 Jeau
410 5386 445 5439 ud
463 5403 533 5451 etam,
548 5390 695 5444 ainamma
710 5390 815 5454 haberat,
829 5403 852 5445 et
871 5393 911 5446 di·

119 5475 156 5527 ιιι
178 5475 202 5528 et‘
214 5473 304 5541 lesus,
319 5476 385 5548 quid
396 5479 460 5532 milti
473 5488 496 5532 rt
517 5479 564 5532 tibi
574 5487 622 5545 eat,
637 5479 816 5552 matter-adn
827 5482 905 5553 Aug]

120 5567 215 5635 b'cque
227 5567 299 5622 enim
313 5577 426 5623 matrem
450 5584 528 5624 suam
543 5571 728 5638 inhonoraret,
742 5573 787 5640 utri
807 5588 856 5626 rios
866 5572 910 5641 iu-

119 5656 168 5713 bet
181 5658 316 5713 bonorare
337 5669 474 5728 parentes,
489 5668 534 5714 aut
548 5661 599 5715 sibi
620 5674 679 5716 csso
700 5672 813 5716 taratrem
830 5679 910 5732 nega-

121 5756 173 5814 ret,
190 5748 238 5830 qm
252 5749 323 5806 deca
337 5766 447 5806 carnem
460 5751 586 5822 suscepit,
602 5751 649 5807 scd
663 5751 690 5806 iu
703 5766 735 5807 ee
746 5753 816 5823 qum
828 5753 907 5808 dicit:

962 5015 1121 5085 sexlrydriae
1131 5016 1272 5085 capiebant
1286 5023 1416 5070 metretas
1435 5015 1514 5071 binas
1527 5014 1570 5071 vel
1589 5025 1690 5073 ternas.
1722 5016 1752 5072 Si

963 5116 1055 5164 ternas
1070 5116 1172 5163 martum
1192 5108 1305 5171 diceret,
1322 5123 1377 5162 non
1396 5115 1518 5163 curreret
1531 5107 1750 5172 animusnostcr,

964 5201 1015 5255 nisi
1033 5201 1066 5253 ad
1079 5200 1238 5271 mysterium
1251 5199 1391 5254 trinitatis.
1403 5198 1470 5254 Cum
1489 5208 1580 5254 atatem
1596 5199 1751 5257 nominatur

965 5290 1045 5343 l'ater
1058 5298 1086 5343 et
1098 5289 1192 5353 lilius,
1205 5297 1334 5358 tauquam
1349 5289 1409 5344 dum
1421 5299 1554 5344 metretae.
1575 5290 1644 5347 Cum
1656 5301 1748 5344 autem

965 5381 1001 5435 ibi
1016 5379 1174 5449 intelligitur
1188 5378 1307 5448 Spiritus
1322 5387 1442 5445 sauctus,
1458 5387 1515 5435 tres
1528 5388 1661 5435 metretae.

999 5479 1093 5532 Aliter.
1112 5479 1186 5534 Binae
1201 5487 1331 5546 metreta,
1343 5481 1515 5537 circumcisio
1539 5491 1567 5535 et
1579 5478 1751 5550 preputium,

963 5570 992 5624 ln
1005 5571 1108 5623 tlttobus
1125 5571 1183 5625 istis
1199 5572 1361 5638 nominibus,
1378 5573 1462 5628 halles
1476 5586 1569 5626 omues
1583 5570 1696 5630 Gentes,
1712 5568 1753 5623 bi-

964 5678 1005 5716 nae
1019 5671 1140 5716 metreta·
1154 5672 1227 5718 sunt.
1257 5663 1306 5719 llis
1330 5662 1434 5717 duobus
1448 5659 1607 5731 parietibus,
1621 5657 1691 5728 lapis
1705 5675 1754 5712 au-

965 5753 1065 5823 gulans
1085 5752 1172 5810 lactus
1195 5763 1238 5810 cst
1255 5752 1388 5823 Christus,
1414 5751 1589 5810 mammam
1611 5757 1644 5806 et·
1662 5756 1756 5806 tertias
