3810 6120
146 298 198 353 '2¹83
785 290 961 346 SbideGIll
981 288 1126 348 tortilis
1729 297 1783 352 idi

145 411 249 479 quium,
262 407 333 475 quod
355 421 369 459 a
386 405 513 458 vanitatis
533 402 653 474 procedit
677 401 783 466 lornite,
804 410 833 456 et
861 402 937 473 quasi
953 403 1188 472 Acoratultomm
1214 405 1256 456 ubi
1271 403 1363 458 laetitia
1384 403 1496 477 (Ecetra.
1519 405 1576 478 vu).
1595 403 1663 460 ilinc
1686 407 1800 462 iterum.

144 499 283 553 suadendo
295 507 322 550 et
335 494 523 550 leuiterlevem
538 493 637 561 decipit
653 493 798 547 bominem.
813 493 938 547 Estenirn
989 496 1120 565 scripturn
1139 502 1196 550 est:
1212 494 1352 551 dletiorest
1366 499 1408 552 ira
1419 499 1484 564 risa,
1496 500 1556 569 qaia
1580 514 1627 569 per
1647 499 1785 555 tristitiem

144 592 250 645 vanitas
268 589 363 643 levitas
376 587 460 641 animi
483 585 656 656 loquacitatis
675 585 817 655 superfluae
828 594 856 640 ct
869 586 938 640 otio·
988 589 1074 644 unitus
1100 590 1241 660 corripitur
1261 590 1365 644 arrianae
1386 590 1561 662 delinquentis
1585 590 1700 662 (Eccita.
1722 591 1783 664 ru).

144 681 233 735 sitatis
247 693 354 748 semper
369 679 396 732 in
410 679 492 732 corde
511 685 624 746 portam
642 678 783 742 louritom,
805 686 833 732 et
851 678 877 732 in
891 693 938 733 ore
988 679 1057 735 ilinc
1071 696 1120 735 nos
1132 677 1249 736 lacobus
1269 681 1409 751 apostolus
1427 681 1588 738 terribiliter
1601 683 1732 738 admonet
1745 684 1786 737 di·

106 751 111 778 ³
145 786 242 825 vanum
255 783 360 838 semper
379 767 485 838 prolcrt
497 782 662 822 sermonem.
678 768 726 822 Est
738 766 811 821 enim
824 767 937 822 sirnrda·
988 786 1071 826 cens:
1091 771 1181 825 lliseri
1193 781 1284 837 estote,
1296 771 1381 843 lugete
1394 783 1419 827 et
1442 773 1553 841 plorate.
1569 772 1648 828 iliam
1661 783 1748 829 uerter
1758 776 1786 828 in

108 852 112 871 '
144 862 181 916 tio
193 861 315 931 quadam
342 859 484 923 virtutum,
499 856 629 927 appetitio
647 856 823 929 dignitatum,
849 872 936 925 cava,
987 861 1086 916 lactum
1100 871 1272 930 concertetur,
1286 872 1311 917 et
1332 863 1460 934 gaudiam
1483 865 1511 918 in
1524 879 1661 920 merorem
1679 863 1783 938 (Jacob.

120 938 265 1008 ‘morbida
277 960 305 1007 et
318 951 483 1016 turbulenta,
499 950 585 1004 dulcis
604 950 729 1013 miseris,
754 964 847 1004 amara
877 966 938 1020 per-
987 951 1035 1025 rv).
1046 952 1251 1007 llincliominus
1266 954 1324 1008 ait:
1344 951 1389 1007 Vre
1400 953 1471 1007 vobis
1483 954 1529 1024 qui
1541 954 1644 1020 ridetis,
1658 954 1784 1057 ganniant

143 1044 229 1107 tectis,
245 1042 394 1114 periculosa
411 1042 506 1106 duris,
532 1040 677 1111 imperiosa
704 1038 937 1107 subternatans
986 1042 1122 1114 plorabitis
1132 1053 1157 1097 et
1169 1044 1266 1114 debitia
1283 1044 1359 1116 (bre.
1374 1046 1424 1116 vr).
1440 1043 1499 1100 Non
1513 1043 1629 1100 maltum
1647 1045 1727 1101 debet
1749 1060 1785 1098 rr·

141 1135 271 1203 captivat,
283 1133 433 1203 captivatos
446 1130 564 1186 oblectat
578 1169 585 1195 ,
612 1130 770 1185 ambitiosos
782 1138 872 1195 vexat,
886 1144 936 1186 arr-
985 1134 1051 1191 dere
1062 1135 1224 1201 monachus,
1239 1136 1285 1205 qui
1310 1135 1392 1190 corde
1404 1134 1523 1191 contrito
1536 1144 1565 1191 et
1580 1134 1724 1191 humiliato
1739 1137 1785 1191 de-

142 1234 236 1298 gustas
254 1222 345 1289 indat,
369 1223 455 1277 elatos
475 1221 622 1276 humiliat:
642 1221 685 1275 etti
707 1221 828 1286 sortiunt
857 1220 938 1274 tttrrti·
986 1226 1032 1281 het
1045 1225 1509 1282 sortireliomino.Nonexcttssttm
1522 1226 1619 1292 risum,
1634 1225 1661 1282 id
1674 1229 1785 1296 est,qv·i

45 1379 51 1398 ‚
142 1324 179 1388 di,
194 1323 244 1378 snb
255 1337 309 1392 qua
321 1321 413 1392 jacent
427 1320 503 1384 elati,
522 1334 603 1389 quam
623 1318 765 1373 inveniunt
780 1316 890 1388 perditi,
903 1316 936 1371 ad
986 1316 1041 1372 alta
1052 1333 1118 1373 voce
1129 1319 1266 1374 excutitur
1278 1325 1308 1374 et
1324 1319 1551 1375 excutientemse
1573 1319 1786 1385 exananiens

142 1429 224 1484 quam
240 1420 355 1467 currunt
368 1411 479 1482 lapsuri.
495 1408 558 1465 llaec
572 1416 615 1463 est
624 1409 729 1463 vanitas
743 1423 803 1478 quaa
822 1423 875 1464 non
888 1407 937 1461 ali·
985 1421 1078 1463 amare
1090 1407 1251 1472 monachus,
1269 1422 1303 1462 ne
1316 1407 1415 1463 stultus
1428 1415 1537 1462 notetur
1557 1408 1592 1463 ab
1606 1409 1782 1475 bominibus,

142 1523 211 1577 quas
222 1507 346 1570 virtutes,
368 1512 399 1558 ut
415 1510 537 1573 putatur,
553 1501 710 1572 exangulat,
726 1501 774 1556 sed
797 1499 936 1555 licentiam
986 1499 1048 1567 quia
1061 1505 1194 1566 scriptum
1205 1507 1266 1554 est:
1282 1497 1386 1553 Stultus
1398 1499 1425 1553 in
1437 1499 1694 1556 dicacitatem
1708 1519 1784 1558 raam

143 1598 272 1654 vitiorum
286 1594 436 1651 cumiuerit
447 1600 564 1664 recepta,
574 1593 743 1649 corroborat.
755 1591 822 1647 Nam
830 1600 936 1647 mentes
985 1586 1159 1663 (scetem).
1174 1590 1217 1656 ta,
1228 1589 1297 1644 sieut
1314 1590 1416 1645 sanitas
1430 1591 1569 1661 spicarum
1593 1593 1642 1646 seb
1665 1592 1730 1660 otta,
1745 1596 1783 1649 ric

141 1689 289 1743 virtutibus
304 1686 398 1756 plenas
412 1684 522 1739 omniuo
550 1700 603 1738 non
618 1691 751 1754 penetrat,
766 1697 867 1738 vacuos
880 1683 936 1737 vir·
986 1679 1055 1734 risus
1065 1680 1092 1734 ic
1109 1697 1154 1735 ore
1168 1680 1241 1734 stulti
1256 1679 1370 1752 (Ecclca.
1392 1680 1452 1753 vrr).
1471 1680 1640 1738 Naturaliter
1652 1693 1695 1739 est
1708 1686 1781 1740 enirn

35 1821 38 1827 .
141 1779 245 1833 tutibus
272 1783 369 1840 tentat,
387 1770 530 1829 dilectores
548 1788 610 1828 suos
627 1751 1201 1843 praenascensvideBrtderenomtni,
1217 1773 1494 1844 etidconoupotest
1512 1774 1594 1830 bomo
1622 1774 1783 1846 illipenitus

143 1870 207 1923 licet
223 1866 268 1937 qui
284 1882 313 1921 so
325 1862 554 1935 turpiteriactant
564 1872 592 1918 et
603 1879 633 1919 se
651 1864 685 1918 ab
699 1863 825 1918 omnibus
836 1863 935 1935 praedi-
986 1864 1141 1932 pmbibere,
1153 1864 1200 1919 sed
1214 1872 1245 1919 ut
1256 1879 1409 1936 suppresse,
1425 1878 1504 1920 caute
1521 1864 1568 1920 liat
1579 1873 1607 1921 et
1620 1867 1736 1922 honeste
1748 1867 1781 1924 li-

141 1941 197 2013 eari
219 1974 267 2028 per
281 1955 357 2012 nelas
370 1954 514 2010 delectant.
536 1953 587 2021 Qui
602 1953 812 2008 salutationibus
840 1967 936 2008 occur·
986 1962 1029 2010 cet
1041 1955 1078 2009 iili
1096 1955 1255 2019 concedere,
1269 1957 1341 2025 quod
1354 1965 1382 2011 et
1399 1963 1496 2012 natura
1510 1955 1690 2027 compellente
1706 1971 1781 2029 pem·

141 2051 258 2105 rendum
275 2047 403 2119 gaudent,
419 2046 475 2100 suis
490 2044 676 2100 adulatoribus
691 2042 793 2109 lavent,
810 2041 934 2112 volupta—
986 2055 1031 2102 tus
1042 2062 1096 2102 uon
1110 2055 1199 2117 potest
1217 2046 1298 2103 bomo
1311 2047 1475 2118 relinquere.

139 2144 211 2199 tibus
222 2147 328 2213 parent,
350 2138 505 2195 bominibus
520 2139 642 2208 turpibus
656 2138 783 2209 placent,
811 2137 933 2208 gestiunt
1020 2135 1065 2191 56.
1087 2136 1220 2191 usticam
1242 2146 1348 2192 sanctas
1372 2136 1482 2192 libenter
1507 2137 1600 2195 audire
1623 2137 1702 2213 (Lae.
1730 2142 1780 2213 ar).

139 2235 324 2305 decerequod
348 2233 484 2299 nesciunt,
500 2233 647 2289 credidisse
669 2232 793 2288 sublimia
821 2232 934 2295 volitat,
985 2226 1121 2285 Lectionis
1137 2229 1211 2284 enim
1228 2243 1315 2284 sacrae
1336 2229 1455 2301 cognitio
1471 2229 1623 2334 cultoribus
1647 2232 1707 2336 suis
1722 2247 1781 2289 serr·

138 2323 346 2381 delectabilibus
360 2323 491 2396 gaudent,
508 2322 702 2394 appellationes
713 2324 846 2393 virtutum
861 2322 935 2378 vitiis
985 2333 1032 2374 sus
1044 2334 1158 2374 acumen
1179 2319 1331 2384 ministrat,
1356 2321 1525 2376 intellectum
1538 2321 1714 2393 multrpbcat.
1727 2333 1781 2380 tor-

139 2418 196 2472 suis
214 2417 364 2486 irnporrturt,
384 2415 489 2485 seipsos
512 2413 623 2481 fallunt,
648 2413 769 2469 latentes
794 2413 845 2468 sibi
861 2414 934 2469 dcci·
984 2423 1078 2479 potem
1101 2411 1220 2476 excutit,
1243 2412 1329 2466 otium
1355 2421 1479 2478 amovet,
1507 2414 1591 2468 vitam
1621 2417 1778 2487 componit,

138 2509 215 2578 piunt
230 2526 236 2562 :
254 2508 280 2562 in
298 2507 477 2577 promissione
498 2505 616 2574 veloces,
630 2505 659 2563 in
671 2506 840 2562 exhibitione
859 2523 934 2562 men·
984 2519 1076 2561 mores
1090 2506 1213 2578 corrigit,
1226 2506 1363 2562 salubrem
1377 2507 1509 2579 gemitum
1521 2507 1587 2565 lacit
1598 2517 1627 2565 et
1644 2509 1780 2583 lacrpuras

62 2592 75 2611 ⁸
138 2603 230 2665 daces,
245 2601 272 2656 in
285 2600 368 2656 verbo
380 2614 486 2670 graves,
499 2599 526 2653 in
542 2598 634 2656 animo
645 2607 750 2669 turpes,
763 2598 864 2669 ubique
881 2598 932 2654 lal·
983 2605 1145 2664 eorupuncto
1160 2597 1242 2652 corde
1264 2597 1402 2668 producit;
1421 2596 1547 2668 lopucndi
1569 2600 1677 2703 tribuit·
1687 2600 1779 2704 iacun·

137 2691 220 2755 laces,
235 2690 289 2745 laeti
303 2689 336 2744 ad
360 2705 502 2760 prospera,
518 2688 627 2761 lragiles
646 2691 685 2746 ad
700 2689 829 2756 adversa,
848 2689 932 2745 inllati
984 2683 1056 2760 diam
1069 2693 1097 2740 et
1107 2695 1210 2741 aeterna
1233 2686 1419 2743 laborantibus
1431 2687 1569 2760 'promittit
1583 2705 1713 2760 praemiet
1728 2707 1779 2762 attt-

114 2768 171 2837 'ad
185 2781 336 2852 obsequia,
360 2781 432 2835 anxii
461 2781 494 2836 ad
506 2780 668 2852 opprobria,
699 2779 871 2836 immoderati
898 2780 932 2835 ad
984 2777 1078 2833 ritalcs
1091 2777 1297 2850 divitiasauget,
1310 2779 1495 2850 vaniloquium
1506 2781 1696 2851 vanitatesque
1705 2798 1778 2840 eom-

60 2868 63 2873 ’
136 2876 244 2946 gaudia.
260 2873 317 2930 lloc
344 2875 494 2929 estvitium
517 2873 654 2941 vanitatis,
668 2872 740 2944 quod
754 2875 932 2931 omninonon
982 2869 1078 2942 pcseit,
1091 2878 1118 2924 et
1132 2870 1295 2925 desiderium
1312 2869 1413 2926 Christi
1426 2871 1576 2942 patriaque
1591 2873 1715 2931 coelestis
1734 2891 1778 2962 ac-

136 2969 236 3023 iterem
247 2968 346 3023 nauem
359 2967 496 3030 manacta,
510 2966 557 3022 seu
572 2966 716 3035 diligentes
727 2973 796 3021 etex
810 2967 891 3022 carce
903 2975 933 3023 et
982 2960 1158 3030 corruitque
1187 2975 1296 3030 sempev
1314 2961 1432 3017 orationi
1448 2963 1522 3018 socia
1544 2979 1708 3040 semperque
1719 2969 1778 3022 ora·-

134 3074 182 3113 orc
196 3057 364 3127 proferentes
376 3057 520 3111 veritatem
544 3053 681 3110 Christum
696 3054 840 3111 Dominum
854 3053 930 3125 sequi
983 3049 1050 3104 tioni
1062 3050 1142 3104 debet
1154 3061 1216 3106 esse
1243 3065 1375 3107 maneta.
1392 3050 1567 3110 Orationibus
1580 3055 1652 3111 euim
1665 3058 1779 3114 munda·

135 3147 235 3202 debent
261 3155 288 3200 et
302 3144 426 3208 imitari,
446 3152 477 3197 ut
491 3158 553 3198 cum
571 3144 616 3199 illo
641 3143 755 3198 leliciter
774 3144 881 3214 possint
903 3110 967 3200 inC
983 3155 1055 3205 mur,
1066 3141 1226 3199 lectionibus
1240 3152 1331 3200 autern
1346 3143 1516 3201 instruimur.
1536 3146 1571 3203 Et
1585 3147 1646 3204 ideo
1661 3150 1707 3221 qui
1721 3151 1778 3208 rvrlt

135 3246 266 3292 arternum
279 3250 403 3307 regnare.
426 3234 489 3290 llaec
500 3243 590 3291 autem
608 3235 764 3306 supradicta
779 3235 885 3291 vanitas
903 3236 931 3291 ia
982 3245 1044 3286 eum
1057 3230 1113 3287 lieo
1124 3248 1232 3304 semper
1243 3249 1315 3302 csse,
1329 3234 1486 3307 frequenter
1502 3236 1584 3294 debet
1595 3255 1676 3297 orare
1687 3241 1778 3299 etlre·

135 3317 206 3382 vano
216 3327 309 3393 corde,
323 3327 351 3382 in
373 3341 444 3381 vano
460 3333 582 3381 moratur
605 3334 633 3381 et
649 3334 801 3398 peccatore.
817 3323 931 3397 Semper
981 3329 1096 3392 quanter
1111 3322 1211 3395 legero.
1226 3321 1294 3379 liam
1316 3339 1377 3381 cum
1389 3341 1499 3381 oramus
1512 3326 1573 3396 ipsi,
1586 3344 1648 3385 cum
1670 3330 1728 3386 Ibo
1742 3331 1778 3387 lo

133 3419 287 3475 enimalios
302 3418 401 3483 ridere,
421 3430 529 3487 semper
555 3415 670 3471 aliorum
694 3416 843 3472 cachinnos
866 3415 932 3474 iacit
979 3411 1106 3484 quimur3
1121 3415 1632 3487 eumverolegimua,l)eusuobiseum
1646 3419 1775 3492 loquium.

134 3502 271 3566 excrttere.
299 3506 382 3580 Cujus
400 3506 529 3563 indicium
553 3513 581 3562 et
605 3505 633 3560 in
647 3505 822 3576 vaniloquio,
848 3515 876 3562 et
902 3507 930 3563 in
980 3504 1076 3564 Omnis
1093 3507 1164 3563 enim
1177 3507 1316 3578 perlectus
1326 3509 1354 3564 iu
1368 3509 1501 3576 lectione,
1518 3513 1643 3568 oratioue
1654 3524 1683 3571 et
1692 3516 1777 3572 medi·

133 3601 219 3656 multa
228 3611 256 3656 et
266 3616 382 3657 excusso
391 3614 462 3672 sape
473 3598 686 3672 deprehenditur
697 3613 758 3655 esse
770 3599 836 3655 risu.
852 3598 933 3656 Unde
973 3596 1084 3660 ‘tatione
1098 3598 1229 3669 procedit.
1246 3598 1311 3667 Quae
1324 3600 1396 3655 caint
1406 3601 1552 3668 nescimus,
1566 3602 1683 3659 lectione
1696 3605 1775 3662 disei-

134 3700 163 3745 et
179 3690 328 3744 subditur:
980 3699 1055 3755 tuus;
1075 3702 1136 3757 quae
1157 3696 1247 3743 autem
1262 3688 1449 3758 didicerimus,
1471 3692 1696 3752 meditationibus
1710 3710 1776 3752 cun·

167 3779 212 3835 55.
233 3778 327 3834 disum
343 3778 509 3834 maltameut
524 3795 723 3834 emamamnen
734 3764 929 3851 emare.0por-
978 3790 1128 3845 servamus,
1142 3789 1170 3834 et
1184 3787 1213 3834 ut
1223 3790 1382 3837 conservata
1396 3797 1411 3836 a
1426 3783 1504 3839 nobis
1522 3783 1701 3855 impleantur,
1712 3804 1774 3843 ora·

133 3882 172 3927 tet
186 3872 259 3926 enim
277 3871 426 3926 monachos
441 3869 557 3941 amplius
575 3869 737 3941 ¹llerequam
751 3869 849 3936 ridere,
864 3870 928 3942 quia
978 3866 1052 3922 tioue
1064 3868 1250 3939 adipiscimur.
1279 3869 1425 3928 Geminum
1443 3874 1517 3930 enim
1544 3874 1652 3941 coulert
1674 3877 1775 3935 (Ιουαιι

132 3964 265 4034 scriptum
283 3971 326 4018 est
340 3981 347 4017 ε
361 3961 440 4018 Risus
464 3961 555 4017 datore
577 3962 743 4028 miscebitur,
762 3970 786 4016 et
812 3972 928 4017 extreme
978 3967 1134 4014 mactamm
1148 3959 1227 4015 lectio
1238 3959 1451 4033 scripturarum,
1462 3964 1519 4021 sive
1532 3966 1596 4036 quia
1609 3965 1774 4024 intellectura

131 4056 221 4126 predii
233 4054 319 4109 luctor
335 4064 444 4126 occupat
456 4050 547 4125 (Pron.
560 4054 645 4125 xxiv).
667 4051 697 4106 ln
714 4050 863 4123 Evangelio
877 4066 928 4105 au·
977 4048 1078 4102 mentis
1090 4049 1189 4115 erudit,
1203 4064 1251 4105 seu
1272 4051 1343 4120 qnod
1358 4067 1374 4107 a
1387 4053 1480 4108 mundi
1491 4054 1658 4112 vanitatibus
1670 4058 1775 4113 abstra-

132 4158 186 4202 tem
201 4147 331 4202 Dominus
344 4146 403 4202 ait:
426 4144 504 4200 Beati
524 4144 570 4218 gui
590 4143 700 4216 tegent,
724 4144 848 4214 quonium
877 4143 928 4214 ipsi
978 4145 1051 4193 ctum
1065 4139 1202 4195 boruincra
1225 4140 1260 4196 ad
1280 4156 1401 4197 amorem
1414 4141 1462 4198 liei
1476 4145 1610 4216 perducit.
1624 4144 1774 4204 lliucPau·

130 4238 337 4295 retractabantur
354 4235 719 4310 (blattavpluvalleeaim
745 4235 926 4307 lacrymarum
977 4228 1205 4286 lus'limotbeum
1220 4232 1474 4290 admonetdieens:
1495 4235 1563 4291 Dina
1578 4239 1773 4306 tetriqctteade

131 4346 236 4397 sumus,
248 4338 276 4386 et
291 4331 351 4386 ideo
364 4345 418 4384 nou
443 4329 543 4394 ridere,
554 4327 601 4383 sed
615 4326 706 4397 lugere
719 4325 859 4381 debemus.
874 4324 927 4378 La-
977 4320 1082 4376 lectioni
1098 4322 1238 4391 doctrine,
1255 4325 1311 4379 ivre
1325 4326 1470 4393 meditare,
1498 4335 1523 4382 et
1549 4329 1576 4382 in
1587 4329 1628 4383 iris
1642 4341 1719 4404 esto,
1745 4341 1773 4388 st

130 4435 238 4491 crynms
254 4421 325 4475 enim
341 4434 390 4491 pro
408 4418 528 4489 peccatis
539 4417 651 4484 nostris,
661 4416 795 4487 lacrymas
805 4430 856 4486 pro
870 4414 924 4470 dis·
976 4415 1108 4486 protectur
1130 4426 1191 4472 tuat
1207 4418 1410 4490 manifestarent
1436 4423 1556 4478 ammira
1577 4423 1605 4496 (l
1629 4424 1700 4483 lim.
1723 4429 1770 4503 rr).

131 4507 263 4564 solutione
286 4509 425 4579 corporis,
447 4508 583 4580 lacrymas
600 4521 650 4576 pro
674 4505 809 4561 desiderio
836 4504 922 4560 nostri
975 4509 1059 4564 Nemo
1075 4511 1148 4565 enim
1159 4527 1270 4567 sensum
1283 4513 1431 4586 Scriptura
1444 4532 1528 4573 sacrae
1542 4517 1661 4591 pleniter
1676 4537 1770 4596 cogere
1851 4574 1854 4581 .

130 4597 338 4668 lievlemptoris,
360 4608 387 4654 et
407 4598 537 4653 societate
561 4597 681 4652 omnium
705 4595 875 4666 angelorum,
896 4604 924 4650 ct
976 4615 1052 4655 scere
1064 4602 1234 4671 poterit,uisi
1245 4605 1353 4661 assidue
1366 4607 1547 4688 li·gendo,aut
1558 4611 1772 4691 audientiaque

130 4688 252 4743 oninium
268 4689 367 4744 babere
381 4688 511 4744 debemus
537 4684 923 4756 sanctornn‚tacrymasuta
976 4688 1186 4746 familiaritatem
1217 4694 1357 4762 babuerit,
1384 4698 1455 4754 sicut
1478 4700 1666 4774 scriptumest
1682 4724 1690 4761 :
1705 4706 1771 4762 data

129 4776 219 4847 poeuis
243 4776 341 4832 iulerni
366 4787 394 4834 et
415 4794 431 4833 a
453 4777 559 4849 laqueis
577 4775 725 4853 liberemur
740 4774 850 4830 diaboli.
871 4773 923 4840 Qvi
976 4782 1095 4869 itidemst
1110 4786 1235 4841 recitabit
1257 4797 1293 4854 te,
1303 4789 1493 4860 glorificaberis
1516 4793 1548 4848 al
1562 4811 1613 4860 ee,
1640 4813 1769 4854 tantm

130 4870 212 4933 enim,
229 4869 267 4922 ait
277 4867 431 4936 Psalmista‚
444 4870 471 4925 in
486 4869 610 4941 lacrymis
631 4868 771 4933 serninaat,
788 4867 816 4920 ia
826 4867 923 4938 gaudie

128 4965 224 5010 metent
235 4955 322 5028 (Paul.
340 4958 433 5030 cxxv),
446 4958 473 5014 id
486 4967 538 5025 est,
552 4959 598 5028 qui
612 4959 749 5014 orationes
758 4972 820 5011 cum
837 4955 922 5027 iacry-

130 5046 181 5101 nris
193 5054 221 5101 et
233 5046 347 5118 gemitu,
359 5049 422 5103 dum
442 5050 469 5103 iu
482 5051 589 5105 mortali
602 5066 715 5120 corpore
736 5049 838 5112 vivunt,
862 5045 922 5100 lun-

128 5136 239 5191 duntad
249 5137 402 5204 Dominum,
416 5149 479 5208 post
492 5141 595 5196 obitum
609 5140 712 5196 laboris
722 5139 763 5194 sui
780 5138 922 5209 praemium

129 5230 157 5282 iu
167 5230 266 5300 gaudio
279 5239 382 5286 metent
395 5238 514 5287 aeterno:
529 5234 555 5288 in
571 5234 670 5303 gavidio
685 5232 810 5289 videlicet
820 5233 877 5298 iilo,
888 5230 922 5287 de

128 5338 182 5392 qao
196 5322 335 5394 discipulis
348 5323 404 5379 suis
417 5324 547 5380 Dominus
566 5327 604 5381 ait
619 5345 625 5380 :
646 5324 747 5380 lterum
761 5326 851 5380 uidebo
867 5344 920 5392 eros,

128 5422 152 5466 et
166 5414 287 5484 gaudebit
314 5431 360 5468 cor
379 5423 503 5480 usuram,
516 5423 542 5469 et
565 5415 691 5487 guadiam
720 5427 829 5471 oestrum
847 5433 922 5472 acino

128 5488 225 5561 tulleta
239 5508 308 5562 nobis
319 5506 410 5579 (loen.
430 5506 497 5579 aar).
513 5507 576 5563 Plus
591 5524 657 5580 crgo
671 5511 804 5565 monacho
819 5510 921 5564 saluta-

130 5609 185 5646 rem
194 5595 330 5652 tristitiam
343 5614 424 5669 quarn
439 5599 774 5655 vanarucouvenitbabere
786 5600 918 5654 laetitiam.

129 5684 265 5756 Scriptura
278 5691 400 5744 estcuiru
415 5710 420 5745 :
437 5690 488 5747 Cor
501 5693 658 5763 sapientiam
681 5691 724 5746 udi
745 5693 872 5760 tristitia,
894 5703 918 5747 et
959 5734 962 5741 ,

976 4873 1057 4943 suecia
1072 4875 1237 4947 unrpleautus
1250 4878 1342 4950 (Pron.
1358 4882 1406 4952 rt).
1454 4950 1470 4965 κ

1009 4967 1053 5021 57.
1074 4969 1196 5024 Orationi
1207 4971 1511 5042 {requenterincumbere
1521 4976 1630 5049 (Muttir.
1645 4995 1691 5047 νη
1704 4980 1772 5038 Lac.

975 5054 1024 5126 xv).
1039 5057 1196 5115 incumbere
1210 5061 1288 5126 dicit,
1305 5063 1416 5129 instare,
1432 5065 1474 5120 vol
1494 5067 1633 5125 incubare.
1660 5070 1696 5127 bt
1708 5088 1771 5128 eon·

975 5164 1041 5220 grue
1064 5166 1114 5205 nos
1141 5162 1202 5222 post
1221 5153 1344 5211 lectionis
1360 5157 1526 5215 auditionem
1549 5161 1668 5220 orationi
1690 5161 1772 5233 iussit

975 5236 1131 5309 frequenter
1144 5243 1310 5300 incumbere.
1326 5245 1383 5303 Non
1393 5247 1466 5303 enim
1486 5249 1628 5308 electione
1644 5253 1770 5311 dissentit

975 5330 1074 5396 oratio,
1088 5347 1139 5387 uec
1152 5334 1186 5388 ab
1208 5336 1332 5392 oratioue
1348 5335 1433 5393 aliena
1446 5348 1488 5395 est
1507 5339 1599 5397 lectio.
1619 5341 1772 5415 aliquoties

975 5429 1064 5474 autern
1076 5421 1215 5491 proferunt
1229 5441 1322 5492 uuum,
1333 5427 1476 5498 aliquoties
1484 5445 1549 5485 reto
1559 5430 1711 5489 diversum.
1719 5432 1772 5491 Sed

974 5510 1037 5579 quia
1050 5512 1138 5567 oratio
1149 5514 1312 5571 dicituroris
1327 5519 1408 5584 ratio,
1421 5528 1516 5574 neutra
1525 5520 1773 5580 illarunroratiouis

974 5602 1082 5656 nominc
1099 5613 1183 5667 caret,
1198 5612 1314 5677 utroque
1330 5609 1525 5666 rationabiliter
1546 5623 1774 5687 mittentesque

974 5706 1038 5745 vcro
1053 5693 1249 5753 rationabiliter
1269 5705 1333 5754 sant
1346 5700 1463 5757 dictate.
1475 5701 1589 5760 blultum
1602 5705 1676 5761 enim
1701 5701 1774 5777 aaut
