3810 6120
100 290 137 346 ts
503 277 759 338 conbmcmottns
775 277 811 336 ΙΝ
830 273 1020 335 aristoles
1040 274 1084 333 ur
1102 276 1308 334 evanescit.
1685 270 1720 328 m

101 394 307 472 primogenitos,
322 407 375 447 non
390 399 480 445 autem
493 405 587 446 omnes
599 390 794 461 primogenitos
807 388 888 443 etiarn
902 386 1078 455 Amantiam,
1097 385 1166 456 qaod
1184 387 1232 440 erit
1251 385 1320 439 arani
1337 383 1442 456 papula.
1464 383 1524 454 (lix
1540 379 1645 452 Beda.)
1664 379 1724 435 Nan

102 482 258 558 unigenitos
276 496 357 552 posse
374 479 483 544 vocari,
502 478 555 535 boc
576 487 633 545 cst,
652 494 706 534 non
724 476 811 533 solum
832 491 891 532 esse
942 478 1015 530 ororii
1033 475 1132 544 populo
1149 473 1320 539 ludmrrunr,
1340 489 1453 544 quorum
1477 471 1585 542 plurimi
1610 468 1726 525 rebelles

102 573 334 650 primogenitum,
356 577 418 639 post
440 583 520 638 quem
542 566 607 632 alii,
632 567 679 622 sed
699 580 807 629 omnem
829 571 893 619 ante
942 567 1085 632 exstitere,
1101 568 1148 622 sed
1162 567 1236 622 omni
1249 566 1368 622 lidelirun
1381 565 1496 637 populo,
1512 565 1545 620 de
1558 564 1663 618 cunetis
1675 563 1726 616 tri-

104 679 186 734 qucru
201 660 290 719 nullus
304 674 320 714 e
333 657 411 712 vulva
430 657 604 726 processerit.
622 656 670 710 Est
689 670 752 725 ergo
769 653 893 709 Christus
943 655 1043 723 bubus,
1059 656 1199 728 gentibus,
1215 665 1243 711 et
1257 655 1365 729 linguIs,
1380 655 1408 710 in
1421 671 1504 711 unam
1518 651 1617 709 Christi
1631 652 1724 708 Eccle-

103 753 184 808 lesus
202 749 356 821 unigenitus
374 747 401 802 in
420 747 571 802 substantia
587 745 714 810 Deitatis,
727 743 891 813 primogeni-
943 742 1011 797 slam
1036 754 1216 816 congregato,
1235 754 1364 801 murnum
1383 746 1509 816 gaudium
1528 744 1728 815 evangelizatur

106 853 151 898 tus
174 843 203 896 in
227 839 398 910 susceptione
423 836 619 901 humanitatis;
644 834 842 906 primogenitus
863 832 893 887 in
943 840 972 886 et
985 848 1122 903 magnum.

107 936 211 1006 gratia,
224 931 380 1003 unigenitus
395 929 422 982 in
437 936 545 981 natura.
981 920 1050 986 Quia
1070 931 1147 977 natur
1161 933 1199 977 cat
1213 922 1286 977 nodia
1299 923 1376 978 bodie
1391 923 1524 989 Salvator,
1537 922 1582 994 qui
1597 931 1633 977 est
1649 921 1729 976 Cirri-

144 1028 178 1081 m
196 1026 291 1097 paonis
311 1040 370 1077 enm
394 1021 499 1076 inuoluit
518 1029 542 1075 et
563 1019 697 1075 reclinavit
710 1021 737 1074 in
750 1019 901 1092 praesepia,
944 1020 999 1065 rtur
1012 1011 1156 1078 Dominus,
1170 1014 1197 1067 in
1210 1015 1313 1068 civitate
1325 1013 1421 1067 Dauid.
1434 1013 1485 1069 Ubi
1498 1013 1644 1068 notandum
1657 1012 1731 1083 «pund

107 1122 170 1190 qula
193 1135 245 1171 mm
268 1124 324 1170 erm
347 1116 372 1170 ρι’
393 1114 465 1167 locas
485 1115 513 1168 ln
534 1113 688 1168 diversorio,
712 1112 771 1184 (Ex
792 1111 894 1183 Βοὴ)
945 1102 1055 1172 angelus
1070 1104 1115 1172 qui
1132 1105 1158 1159 in
1174 1105 1261 1160 noetis
1275 1103 1729 1176 ntiqueuigiliispastores'allatur,

108 1209 178 1276 Quid
192 1208 339 1261 muribuam
354 1204 466 1258 moino
483 1218 533 1271 pro
548 1203 674 1258 omnibus
691 1219 751 1272 que
769 1201 895 1257 retribuit
945 1207 999 1246 ooo
1012 1192 1050 1246 atr
1066 1212 1072 1246 t
1089 1191 1145 1247 ttae
1160 1203 1253 1259 noete,
1269 1197 1331 1260 sed,
1346 1196 1423 1250 toaie
1438 1205 1515 1250 naam
1531 1205 1567 1250 eu
1583 1196 1653 1250 tolio
1670 1193 1733 1251 sat-

110 1298 186 1351 mjhi,
211 1296 261 1363 Qui
285 1302 371 1350 tolum
400 1292 529 1346 mundum
552 1292 633 1344 uestit
655 1299 750 1345 ornatu
763 1331 771 1357 ‚
798 1289 895 1359 pannis
946 1287 1029 1332 Dolor.
1046 1276 1103 1334 Non
1119 1281 1200 1335 aliam
1215 1282 1504 1347 scilieetobeausam,
1521 1283 1574 1337 nlsl
1590 1283 1652 1351 qula
1667 1298 1732 1352 gau·

109 1388 210 1442 vilibus
227 1385 385 1446 involvitur,
407 1391 438 1436 ut
455 1397 505 1435 nos
524 1380 620 1435 stolam
637 1379 754 1448 primam
773 1379 895 1448 recipere
946 1367 1019 1422 ‘llum
1040 1386 1165 1440 mossmtm
1182 1372 1368 1442 evangelizare
1382 1372 1515 1426 veniebat.
1535 1371 1601 1425 Nom
1621 1372 1666 1426 ubi
1682 1373 1731 1426 tri-

110 1480 259 1532 plicamus,
279 1475 331 1529 Pel·
348 1488 427 1542 quem
444 1473 535 1528 omnia
553 1471 624 1527 sacra
643 1481 719 1536 sunl,
735 1487 832 1526 manus
849 1486 896 1541 pg-
946 1457 1019 1512 stitia
1035 1460 1211 1530 signiticatur,
1228 1462 1265 1515 ibi
1281 1477 1350 1531 saepe
1364 1477 1416 1516 nor
1438 1460 1601 1532 adjungitur,
1621 1461 1663 1516 rel
1682 1477 1732 1514 no·

111 1569 214 1637 desque
235 1567 311 1621 cunis
333 1564 501 1633 astringitur,
516 1569 544 1616 ut
558 1572 657 1616 nostrae
670 1576 767 1615 manus
780 1560 814 1615 ad
829 1574 895 1629 opus
947 1549 1076 1614 minatur,
1088 1561 1118 1605 ut
1130 1550 1211 1607 illud:
1227 1551 1324 1606 Ouarar
1337 1569 1381 1607 um
1393 1552 1546 1608 scandalum
1558 1552 1692 1623 patiemini
1706 1553 1734 1606 in

110 1663 212 1714 bonum
228 1665 341 1719 exem,
362 1656 448 1710 nostri
468 1655 522 1708 sina
539 1653 621 1724 pedes
639 1653 667 1706 in
681 1651 751 1705 vlam
766 1651 840 1721 pacis
854 1650 895 1706 (ll.
947 1656 987 1693 me
1002 1641 1029 1694 in
1042 1641 1091 1695 ista
1105 1653 1179 1697 nacte
1194 1643 1203 1715 l
1217 1642 1312 1697 llattln
1328 1660 1389 1698 xxvi
1400 1642 1421 1716 ).
1435 1643 1528 1714 Neque
1542 1644 1613 1699 enim
1633 1641 1734 1698 irustra

112 1750 192 1803 recti.
208 1747 290 1818 sajus
307 1745 404 1801 eoelum
424 1744 503 1798 sedes
519 1748 576 1807 est,
590 1741 651 1796 duri
670 1742 796 1812 praesepis
814 1756 897 1810 algu.
910 1720 935 1780 Β
949 1731 1059 1802 angelus
1079 1739 1152 1790 tanto
1172 1734 1274 1789 lumine
1294 1735 1399 1790 cinctus
1419 1735 1558 1805 apparuit,
1575 1744 1605 1788 ut
1625 1735 1735 1790 claritas

111 1840 164 1893 5113
188 1839 328 1900 mullum,
354 1844 384 1889 ul
410 1850 460 1889 nos
483 1849 532 1904 per
554 1833 673 1888 coeleslls
700 1831 774 1902 regni
800 1831 897 1910 gaucia
948 1818 995 1874 Dei
1010 1827 1135 1889 pastores
1148 1821 1370 1888 circumfulsisse,
1384 1825 1436 1878 boc
1450 1833 1509 1888 est,
1525 1840 1559 1878 ex
1573 1824 1646 1878 omni
1659 1832 1736 1891 parte

111 1929 218 1983 dilatet,
234 1927 284 1995 Qui
298 1927 375 1997 panis
389 1933 431 1980 est
445 1923 617 1994 angelorum,
633 1922 659 1976 in
674 1920 806 1991 praesepio
820 1919 897 1974 reali·
949 1910 1055 1966 lllornm
1071 1913 1161 1968 radios
1173 1913 1282 1967 luntianis
1294 1914 1442 1982 aspersisse
1455 1914 1572 1979 dicatur,
1584 1914 1655 1982 qnod
1668 1929 1737 1966 arun·
1803 1910 1808 1920 '

111 2027 205 2082 natur,
219 2028 249 2071 ug
263 2034 312 2073 ,ως
325 2016 402 2086 quasi
417 2023 511 2069 meg,
525 2013 652 2067 animalia
667 2012 758 2066 cal-„lg
772 2026 828 2065 suae
841 2009 898 2065 sm.
949 2015 1030 2070 quam
1045 2002 1071 2056 in
1087 2010 1143 2057 tota
1158 2001 1322 2058 Testamenti
1338 2000 1442 2057 l'eteris
1463 2003 1547 2067 serie,
1562 2002 1643 2056 toties
1657 2015 1737 2074 arago-

112 2117 206 2162 mgnlg
220 2107 332 2162 reficiat,
348 2105 399 2173 Qui
413 2105 447 2159 ad
461 2105 583 2160 dextram
596 2101 684 2172 patris
697 2102 791 2166 sedet,
810 2101 837 2154 in
855 2099 898 2155 gli.
949 2089 983 2144 ΠΒ
1003 2091 1213 2160 apparentibus,
1229 2091 1394 2162 atljungilur.
1415 2091 1469 2146 Sed
1490 2093 1603 2163 mystice
1622 2108 1737 2162 praemo-

113 2198 236 2252 vefsorlo
260 2196 319 2252 1000
344 2203 419 2266 eger,
442 2204 471 2249 ug
492 2194 572 2250 nobis
595 2195 623 2248 jn
647 2193 726 2248 doum
748 2193 837 2247 pagis
857 2189 900 2247 gul
949 2180 1022 2242 nuit,
1039 2182 1111 2249 quod
1126 2189 1219 2251 aperte
1231 2192 1325 2253 postea
1340 2182 1444 2237 monuit
1455 2182 1610 2253 Apostolus,
1625 2183 1732 2239 dicens:

113 2285 213 2341 multas
231 2287 387 2341 nransioncs
404 2292 575 2355 praepararet.
596 2282 726 2350 eramris
746 2279 813 2348 boe,
828 2281 899 2350 guod
951 2269 1013 2324 N⁰<⁶
1026 2274 1157 2342 lttaectttt'l
1166 2313 1173 2338 r
1192 2272 1247 2327 ‘¹50⁸
1268 2282 1354 2326 molem
1377 2275 1602 2344 appropinquavit.
1616 2273 1734 2343 illicio·

114 2394 168 2432 „011
185 2379 213 2431 jn
226 2387 369 2448 parentum
384 2378 476 2441 domo,
491 2377 538 2433 geg
552 2377 578 2431 in
597 2376 746 2432 divefggjo
765 2384 793 2430 οι
811 2375 838 2431 j„
856 2375 901 2430 vig
949 2378 1008 2416 artur
1024 2379 1084 2434 crgo
1100 2380 1178 2434 opera
1192 2364 1356 2418 tenebrarum
1371 2375 1394 2419 et
1409 2365 1551 2420 induamur
1565 2382 1640 2420 arma
1652 2366 1737 2432 lucit,

114 2469 247 2530 nascitur,
266 2482 315 2536 per
331 2465 553 2536 significationem
572 2465 684 2536 intelligi
702 2464 782 2521 altius
801 2472 899 2536 potest.
950 2454 1018 2508 ⁸¹⁸0!st
1033 2455 1061 2509 in
1072 2455 1114 2509 dic
1127 2456 1233 2510 honeste
1247 2454 1418 2511 ambulemus·

115 2560 175 2630 lpse
188 2572 305 2627 namque
319 2558 357 2613 an
371 2575 377 2611 =
393 2557 450 2628 Ero
464 2574 522 2612 iam
536 2558 690 2622 domemus
703 2566 727 2611 a
741 2558 794 2611 vito
809 2555 900 2629 (loon-
986 2566 1022 2621 m
1036 2568 1085 2622 tac
1105 2568 1175 2623 vatia
1195 2569 1319 2639 stanam:
1335 2567 1475 2625 torentem
1496 2568 1624 2638 insanum
1643 2564 1743 2638 pannis
1798 2584 1802 2591 ·

116 2653 201 2721 xiv),
217 2650 262 2719 qui
281 2665 345 2721 ergo
364 2665 412 2719 per
431 2650 579 2705 divinitatis
597 2651 743 2705 essentiam
757 2651 857 2705 veritas
873 2657 902 2705 et
952 2657 1113 2724 limaturam,
1136 2668 1188 2715 erc,
1216 2659 1274 2729 (Ex
1303 2658 1407 2731 uella.)
1433 2659 1585 2714 Nomadum
1609 2661 1737 2716 solurius

114 2743 173 2794 uita
202 2749 354 2811 permanet,
384 2754 433 2810 per
456 2740 650 2796 incantationis
674 2742 834 2812 mysterium
857 2740 902 2796 ria
952 2751 1025 2819 quod
1048 2752 1155 2820 signum
1175 2750 1232 2804 nati
1256 2748 1405 2805 salvatoris
1425 2749 1514 2811 datur,
1536 2749 1665 2804 ioiaotem
1687 2766 1741 2805 aon

116 2833 208 2887 lactus
220 2840 274 2896 est,
289 2847 340 2901 qrra
357 2846 407 2885 nos
427 2833 461 2886 ad
475 2831 664 2901 patriam,ubi
678 2833 793 2886 raritate
806 2839 834 2886 et
848 2831 904 2888 rita
953 2839 1037 2909 tyrio
1062 2848 1205 2909 exceptum
1230 2846 1327 2902 ostro,
1355 2838 1403 2892 sed
1429 2839 1526 2907 paruus
1555 2838 1744 2906 squalentibus

117 2923 281 2988 frueremur»
296 2922 450 2977 illiluoet'tl·
954 2931 1124 2987 involutum:
1141 2947 1194 2985 non
1216 2931 1244 2985 in
1265 2930 1369 2985 ornatis
1392 2944 1459 2985 auro
1481 2929 1628 2992 stratoriis,
1648 2927 1744 2983 sedin

156 3013 190 3066 b't
212 3024 326 3084 pastores
347 3022 421 3067 cram
435 3014 463 3068 in
480 3014 583 3085 regione
603 3014 694 3069 eadem
713 3015 865 3086 vigilanter,
879 3022 903 3070 ct
954 3021 1120 3091 praesepibus
1132 3020 1336 3084 inveniendum,
1352 3019 1404 3072 hoc
1417 3026 1476 3081 est,
1492 3032 1546 3072 oon
1568 3024 1672 3071 tanturm
1692 3017 1744 3071 bu-

117 3104 293 3172 cunodientea
305 3103 406 3174 nullior
420 3104 503 3158 noctis
517 3120 596 3173 saper
608 3121 710 3176 gregem
724 3121 811 3159 soon.
826 3104 903 3172 Quod
956 3113 1080 3167 mititatis
1093 3091 1155 3166 eum
1170 3120 1197 3166 et
1211 3109 1398 3172 mortalitatis,
1414 3108 1460 3163 sed
1472 3117 1500 3163 et
1511 3108 1680 3179 paupertatis
1690 3107 1741 3162 ba-

118 3195 233 3266 vigilant
247 3195 337 3265 ilique
350 3202 415 3250 ”⁸²⁰
428 3194 679 3265 l)⁰¹¹¹l¹l⁰l)1¹⁸l⁰¹'0⁸
693 3211 774 3265 supra
793 3210 904 3268 gregem
954 3208 1040 3261 bitum
1058 3203 1207 3273 suscepisse
1226 3217 1276 3272 pro
1295 3200 1388 3264 nobis,
1408 3200 1470 3269 quia
1489 3213 1551 3253 cum
1566 3199 1642 3253 dives
1654 3206 1744 3262 esset,

117 3285 211 3340 orium
225 3301 352 3350 suarum,
366 3285 520 3355 significant
538 3300 601 3352 eos,
623 3302 686 3341 eum
704 3287 906 3357 dispensatione
954 3311 1057 3366 pauper
1075 3293 1162 3348 iactus
1180 3301 1222 3347 est
1235 3307 1284 3362 pro
1299 3292 1393 3357 nobis,
1409 3299 1439 3344 ut
1453 3305 1501 3344 nos
1515 3289 1587 3342 illius
1600 3288 1689 3356 inopia
1705 3287 1746 3343 di-

120 3376 281 3442 manileuta,
301 3376 457 3448 vigilaturos
475 3377 503 3432 in
520 3376 640 3432 Ecclesia
661 3386 786 3447 pastores
803 3377 906 3431 anima·
957 3394 1077 3440 carenum
1098 3382 1150 3454 (ll
1164 3382 1227 3436 Car.
1239 3381 1315 3453 ιιιι).
1337 3380 1405 3436 Cum
1423 3387 1496 3435 esset
1518 3378 1649 3434 Dominus
1662 3378 1745 3433 coelo·

120 3480 183 3519 rum
198 3475 350 3531 casiotum,
368 3467 466 3536 ‘1¹¹1th
486 3466 609 3522 dl⁰²l⁰i²
624 3465 744 3533 Pmlltr
758 3467 802 3538 ‘1¹¹i
822 3467 849 3521 ld
863 3482 906 3522 ¹²⁰·
957 3491 1032 3538 rum,
1046 3489 1148 3544 pauper
1168 3471 1257 3527 lactus
1277 3479 1319 3526 est
1335 3472 1361 3524 in
1378 3470 1474 3535 terris,
1490 3477 1520 3522 ut
1535 3467 1686 3537 terrigenas
1699 3469 1747 3522 do·

120 3553 159 3609 1³5⁵
175 3565 227 3618 θεῖ,
243 3573 344 3627 gregem
358 3556 406 3611 Del
421 3555 458 3628 ll
471 3555 544 3611 Patr.
559 3558 605 3628 vl·
957 3572 1033 3619 eeret
1054 3569 1212 3633 paupertate
1235 3561 1347 3630 spiritus
1371 3573 1484 3630 regnum
1505 3558 1647 3626 acquirere
1667 3570 1747 3628 posse

157 3648 193 3702 Et
209 3666 266 3704 ecce
282 3650 390 3721 angelus
411 3650 516 3705 Domini
530 3651 600 3706 stetit
617 3652 699 3722 juata
713 3651 788 3715 illac,
803 3659 827 3706 ct
849 3648 907 3705 cla·
958 3653 1098 3708 emiorum.

122 3738 189 3792 ritas
204 3737 253 3791 Dei
267 3738 440 3807 circumfulsit
453 3737 523 3795 illos.
539 3739 599 3811 (Ει
612 3738 693 3810 Greg.
705 3738 715 3810 )
728 3740 800 3795 Bene
816 3747 908 3794 tutem
993 3744 1029 3799 Et
1046 3743 1130 3798 sulita
1151 3742 1223 3813 sacta
1243 3750 1281 3796 est
1301 3757 1361 3795 cum
1380 3739 1471 3810 angelo
1487 3748 1627 3794 ntuttrtuaa
1643 3739 1746 3795 militie

122 3829 296 3898 Vlllllssssllbus
310 3830 477 3900 D²⁸l⁰ilhllsr
493 3830 604 3902 anbelus
614 3839 734 3900 apparet,
746 3844 847 3899 e⁰Sll¹¹e
859 3828 908 3884 Del
959 3837 1067 3893 calcatis
1081 3836 1248 3890 laudantium
1261 3834 1344 3888 Deum
1354 3843 1378 3888 et
1390 3830 1647 3887 dicentium:Glaria
1661 3833 1689 3885 in
1701 3847 1748 3886 ex-

123 3917 234 3973 alaritas
255 3919 456 3991 circumfulget,
480 3921 542 3990 quia
564 3920 601 3976 illi
619 3935 674 3991 prae
693 3921 798 3976 oaetotls
817 3920 910 3975 videro
960 3928 1036 3983 celsis
1049 3927 1105 3981 Dea
1120 3936 1144 3980 ct
1158 3927 1186 3980 in
1200 3936 1271 3980 terra
1285 3942 1338 3996 pra
1351 3924 1498 3979 bomiaibua
1512 3924 1584 3978 baare
1596 3924 1747 3979 uoluntatis.

123 4006 252 4061 sublimia
270 4017 418 4089 memmium,
440 4009 487 4081 (lui
506 4006 631 4064 fidelibus
651 4008 778 4079 gregibus
791 4021 910 4078 praeesse
961 4016 1021 4073 Una
1041 4015 1242 4086 evangelizante
1273 4016 1382 4077 amatio,
1397 4023 1490 4068 natum
1505 4013 1533 4068 in
1551 4027 1633 4067 earne
1646 4012 1747 4077 Deum,

125 4097 242 4152 sollicite
263 4099 361 4154 sciunt.
381 4099 503 4170 manuue
522 4099 574 4169 ipsi
591 4099 635 4168 pie
656 4114 736 4168 super
749 4113 856 4167 gregem
870 4096 911 4150 vl·
962 4122 1023 4161 nior
1038 4105 1181 4159 multitudo
1195 4105 1298 4158 militiae
1311 4104 1431 4159 eoelestis
1445 4102 1574 4158 advolans
1586 4115 1705 4155 consono
1721 4100 1748 4154 in

124 4187 230 4257 silom,
252 4188 342 4243 dirim
364 4204 444 4259 super
467 4205 516 4244 eos
537 4189 623 4259 gratia
645 4187 746 4257 largius
774 4193 909 4241 coruscat.
962 4196 1040 4250 lande
1053 4195 1184 4249 creatoris
1197 4210 1244 4249 ore
1257 4194 1423 4261 prorumpo,
1438 4192 1578 4254 urcisci,
1595 4191 1665 4245 siem
1678 4205 1749 4246 sem-

126 4276 256 4347 (emar.)
271 4277 366 4333 Videte
376 4277 504 4332 Ecclesiae
516 4277 650 4347 surgentis
662 4276 821 4341 exordium,
836 4273 912 4330 Chri·
962 4299 1019 4353 per,
1036 4282 1158 4351 obsequii
1172 4282 1343 4336 devotionem
1356 4280 1465 4335 Christo
1479 4278 1635 4348 impendat,
1653 4288 1681 4333 ct
1699 4294 1750 4337 nos

125 4373 186 4419 ³¹⁰⁸
198 4368 327 4431 misellus,
338 4375 365 4421 tl
376 4376 498 4436 pistores
509 4367 620 4438 vigilare
630 4376 787 4435 coeltefflsslr
800 4376 827 4421 ὑί
842 4366 949 4464 beneD
964 4390 1013 4429 suo
1031 4373 1133 4443 pariter
1152 4371 1268 4427 instruat
1290 4370 1430 4440 exemplo,
1451 4371 1559 4440 quoties
1583 4369 1625 4424 uel
1651 4369 1751 4440 aliquis

126 4462 252 4522 pastores
265 4454 375 4526 vigilant
393 4471 461 4526 quos
479 4456 567 4512 bonus
580 4465 673 4527 pastor
685 4457 823 4513 informat.
837 4454 910 4511 Grex
963 4466 1076 4520 fratrum
1091 4478 1175 4518 sacrae
1189 4462 1349 4518 eruditionis
1362 4462 1450 4517 verbis
1465 4462 1628 4527 insonuerit,
1644 4462 1684 4516 vel
1699 4461 1750 4531 ipsi

127 4545 222 4615 igtur,
243 4546 365 4616 populus.
386 4547 462 4613 Nox,
485 4547 621 4603 seculum·
642 4547 770 4602 Pastoros
788 4555 850 4601 som
869 4561 912 4602 sa·
962 4554 1031 4610 mem
1050 4554 1107 4609 sire
1125 4554 1233 4618 auctu,
1254 4568 1314 4622 que
1336 4552 1447 4623 pietatis
1470 4561 1548 4616 suni,
1575 4552 1609 4606 au
1632 4559 1751 4607 menum

127 4637 269 4701 cerdotes,
283 4647 328 4691 aut
342 4638 454 4695 tortasse
476 4640 520 4695 ille
543 4640 578 4695 sit
599 4649 703 4710 pastor,
725 4640 768 4693 eui
793 4640 910 4694 dieitur:
964 4645 1166 4707 reduxerimus,
1193 4643 1248 4697 Deo
1274 4643 1367 4697 statim
1393 4642 1501 4705 laudes,
1527 4655 1593 4705 ore,
1617 4641 1699 4695 corde
1722 4647 1752 4695 et

127 4723 194 4779 Esto
210 4727 324 4795 uigilans
335 4735 363 4782 et
377 4728 509 4783 conlirma
529 4736 656 4792 caeteros,
672 4728 735 4797 quia
755 4742 807 4781 oon
826 4728 913 4784 solurn
963 4747 1044 4802 opere
1063 4731 1225 4786 reddendas.
1246 4731 1279 4784 Et
1297 4731 1367 4786 bene
1386 4732 1486 4785 chorus
1505 4730 1649 4783 adueniens
1672 4743 1773 4799 auge.

126 4820 285 4887 ep‘seopos,
312 4818 358 4873 sed
379 4818 463 4873 etiam
487 4817 597 4890 angelos
617 4818 769 4873 destinauit.
793 4818 914 4889 brigelus
965 4823 1066 4884 lorum,
1087 4819 1190 4874 militiae
1209 4819 1327 4875 coelestis
1346 4819 1504 4875 uocabulum
1524 4819 1638 4887 accipit,
1658 4818 1704 4887 qui
1723 4823 1753 4873 et

126 4907 257 4972 Mariam,
273 4909 383 4979 angelus
394 4908 512 4980 loseph,
527 4910 639 4980 angelus
652 4898 774 4979 pastores
788 4910 912 4975 instruit,
966 4908 1027 4962 duci
1041 4908 1086 4962 illo
1099 4907 1202 4978 patenti
1213 4907 1240 4960 in
1251 4907 1354 4976 praelio,
1367 4906 1412 4976 qui
1427 4907 1461 4961 ad
1475 4906 1646 4961 debellandas
1656 4919 1752 4961 aereas

125 5004 154 5049 et
178 4997 403 5067 mnetpiendum,
427 5006 455 5054 et
472 5007 648 5069 conceptum,
669 5005 697 5053 et
721 5007 830 5063 natum,
850 4999 914 5054 eoeli
966 5008 1113 5070 potestates
1129 4998 1270 5069 apparuit,
1285 4999 1423 5054 humiliter
1440 4998 1622 5063 obsecundat,
1646 5007 1674 5051 et
1693 4998 1756 5066 ipso

124 5087 204 5141 eires
226 5085 310 5141 ὓιιιιιι
334 5095 477 5155 testantur,
496 5095 528 5142 ut
550 5096 577 5143 et
598 5088 727 5144 mortales
748 5088 915 5144 sullicienter
966 5101 1114 5163 potestates
1133 5092 1242 5147 easdem
1262 5092 1428 5155 contrarias,
1447 5107 1482 5146 nc
1500 5091 1628 5145 mortales
1648 5097 1752 5144 teritum

124 5178 272 5245 imbuant,
300 5189 327 5234 et
351 5194 430 5235 suum
456 5180 562 5236 auctori
581 5178 722 5235 servitium
746 5179 915 5235 incessanter
967 5191 1070 5238 tentare
1084 5183 1349 5253 valeant‚quamum
1362 5181 1588 5249 volunt,iortiter
1602 5181 1685 5236 armis
1699 5193 1755 5236 cm-

124 5271 296 5342 impendant.
317 5271 383 5327 Nam
398 5282 426 5328 et
439 5271 466 5328 in
480 5273 657 5343 sequentibus
676 5282 796 5337 tentato,
815 5289 913 5343 possu-
967 5275 1079 5330 lestibus
1099 5275 1251 5345 perturbat.
1274 5271 1341 5340 Quia
1365 5289 1447 5328 verus
1472 5275 1542 5328 Deus
1565 5280 1653 5327 estet
1672 5272 1754 5326 bomo

122 5377 172 5426 ¹⁰2
201 5363 338 5430 ssslsessllr
361 5374 443 5435 atque
463 5361 497 5420 id
518 5363 602 5420 ⁶⁰2¹0³
621 5361 792 5431 ³⁵0⁰¹¹d⁰¹¹llr
809 5379 915 5435 semler
967 5371 1098 5434 nascitur,
1110 5368 1336 5438 jurebomioibus
1349 5383 1402 5438 pax
1416 5367 1568 5424 etDomioo
1579 5366 1663 5437 gloria
1678 5360 1753 5417 canis

122 5453 223 5506 ³⁶0⁵oe
236 5453 424 5520 perhibentur.
968 5471 1021 5516 tur.
1035 5460 1192 5517 Glorilimnt
1205 5458 1292 5530 angeli
1305 5459 1390 5514 Deum
1402 5475 1452 5530 pro
1465 5467 1556 5514 nostra
1568 5452 1754 5523 redemptione

159 5540 198 5594 Et
213 5541 357 5596 timacrunt
371 5544 464 5598 timore
479 5560 584 5614 magno,
599 5552 623 5597 ct
640 5543 706 5598 dimit
722 5542 774 5598 illia
788 5545 915 5616 angelus:
970 5552 1152 5615 incarnatum,
1166 5550 1228 5619 qrria
1242 5550 1304 5605 dnm
1318 5565 1367 5605 nos
1377 5550 1547 5618 conspiciunt
1560 5545 1658 5614 recipi,
1672 5556 1752 5599 saum

125 5633 221 5691 Nolite
240 5635 345 5701 timere,
364 5653 421 5691 cccc
439 5637 508 5691 eribo
526 5635 674 5705 evangelizo
698 5635 768 5690 calls
790 5638 915 5707 pacidiana
968 5639 1085 5710 gaudent
1111 5654 1252 5694 nurncrunr
1272 5639 1390 5710 repleri:
1410 5647 1504 5710 optant
1519 5649 1614 5707 pacem
1635 5635 1751 5692 homiui·
