<?xml version="1.0" encoding="UTF-8"?>
<!DOCTYPE html PUBLIC "-//W3C//DTD XHTML 1.0 Transitional//EN"
    "http://www.w3.org/TR/xhtml1/DTD/xhtml1-transitional.dtd">
<html xmlns="http://www.w3.org/1999/xhtml" xml:lang="en" lang="en">
 <head>
  <title>
</title>
<meta http-equiv="Content-Type" content="text/html;charset=utf-8" />
  <meta name='ocr-system' content='tesseract 3.04.00' />
  <meta name='ocr-capabilities' content='ocr_page ocr_carea ocr_par ocr_line ocrx_word'/>
</head>
<body>
  <div class='ocr_page' id='page_1' title='image "./patrologiaecurs80unkngoog_0057.png"; bbox 0 0 3810 6120; ppageno 0'>
   <div class='ocr_carea' id='block_1_1' title="bbox 178 154 1801 254">
    <p class='ocr_par' dir='ltr' id='par_1_1' title="bbox 178 154 1801 254">
     <span class='ocr_line' id='line_1_1' title="bbox 178 154 1801 254; baseline 0 -10"><span class='ocrx_word' id='word_1_1' title='bbox 178 192 232 254; x_wconf 78' lang='lat' dir='ltr'>ros</span> <span class='ocrx_word' id='word_1_2' title='bbox 821 188 996 244; x_wconf 76' lang='lat' dir='ltr'>sernuruor</span> <span class='ocrx_word' id='word_1_3' title='bbox 1016 185 1159 244; x_wconf 48' lang='lat' dir='ltr'>terrenus</span> <span class='ocrx_word' id='word_1_4' title='bbox 1749 154 1801 244; x_wconf 57' lang='grc' dir='ltr'>ιιι</span> 
     </span>
    </p>
   </div>
   <div class='ocr_carea' id='block_1_2' title="bbox 176 287 1805 562">
    <p class='ocr_par' dir='ltr' id='par_1_2' title="bbox 176 287 1805 562">
     <span class='ocr_line' id='line_1_2' title="bbox 176 287 1801 386; baseline -0.01 -15"><span class='ocrx_word' id='word_1_5' title='bbox 176 287 326 386; x_wconf 56' lang='lat' dir='ltr'>operarios</span> <span class='ocrx_word' id='word_1_6' title='bbox 348 311 410 381; x_wconf 81' lang='lat' dir='ltr'>quia</span> <span class='ocrx_word' id='word_1_7' title='bbox 422 317 451 365; x_wconf 84' lang='lat' dir='ltr'>et</span> <span class='ocrx_word' id='word_1_8' title='bbox 466 309 542 380; x_wconf 81' lang='lat' dir='ltr'>prius</span> <span class='ocrx_word' id='word_1_9' title='bbox 560 315 722 379; x_wconf 82' lang='lat' dir='ltr'>perpetres,</span> <span class='ocrx_word' id='word_1_10' title='bbox 743 314 771 361; x_wconf 92' lang='lat' dir='ltr'>et</span> <span class='ocrx_word' id='word_1_11' title='bbox 794 305 963 375; x_wconf 83' lang='lat' dir='ltr'>postruodnm</span> <span class='ocrx_word' id='word_1_12' title='bbox 980 310 1001 365; x_wconf 70' lang='lat' dir='ltr'>,b</span> <span class='ocrx_word' id='word_1_13' title='bbox 1019 322 1027 351; x_wconf 86' lang='grc' dir='ltr'>ι</span> <span class='ocrx_word' id='word_1_14' title='bbox 1051 313 1079 356; x_wconf 85' lang='lat' dir='ltr'>et</span> <span class='ocrx_word' id='word_1_15' title='bbox 1101 318 1169 372; x_wconf 84' lang='lat' dir='ltr'>ego:</span> <span class='ocrx_word' id='word_1_16' title='bbox 1197 302 1295 357; x_wconf 79' lang='lat' dir='ltr'>Serueu</span> <span class='ocrx_word' id='word_1_17' title='bbox 1309 302 1424 357; x_wconf 79' lang='lat' dir='ltr'>dlrralrae</span> <span class='ocrx_word' id='word_1_18' title='bbox 1449 309 1522 365; x_wconf 90' lang='lat' dir='ltr'>suut,</span> <span class='ocrx_word' id='word_1_19' title='bbox 1548 294 1575 356; x_wconf 84' lang='lat' dir='ltr'>et</span> <span class='ocrx_word' id='word_1_20' title='bbox 1597 315 1665 370; x_wconf 86' lang='lat' dir='ltr'>ego:</span> <span class='ocrx_word' id='word_1_21' title='bbox 1684 300 1801 369; x_wconf 83' lang='lat' dir='ltr'>llinistrr</span> 
     </span>
     <span class='ocr_line' id='line_1_3' title="bbox 176 392 1805 473; baseline -0.006 -17"><span class='ocrx_word' id='word_1_22' title='bbox 176 417 225 473; x_wconf 89' lang='lat' dir='ltr'>per</span> <span class='ocrx_word' id='word_1_23' title='bbox 243 399 308 473; x_wconf 89' lang='lat' dir='ltr'>legis</span> <span class='ocrx_word' id='word_1_24' title='bbox 322 401 445 455; x_wconf 91' lang='lat' dir='ltr'>doctores</span> <span class='ocrx_word' id='word_1_25' title='bbox 456 405 483 454; x_wconf 90' lang='lat' dir='ltr'>et</span> <span class='ocrx_word' id='word_1_26' title='bbox 497 399 651 469; x_wconf 90' lang='lat' dir='ltr'>prophetas.</span> <span class='ocrx_word' id='word_1_27' title='bbox 676 396 715 450; x_wconf 77' lang='lat' dir='ltr'>bd</span> <span class='ocrx_word' id='word_1_28' title='bbox 739 403 888 450; x_wconf 77' lang='lat' dir='ltr'>extremum</span> <span class='ocrx_word' id='word_1_29' title='bbox 900 409 963 446; x_wconf 87' lang='lat' dir='ltr'>rero</span> <span class='ocrx_word' id='word_1_30' title='bbox 1017 413 1025 444; x_wconf 96' lang='grc' dir='ltr'>ι</span> <span class='ocrx_word' id='word_1_31' title='bbox 1048 395 1146 449; x_wconf 76' lang='lat' dir='ltr'><strong>Christi</strong></span> <span class='ocrx_word' id='word_1_32' title='bbox 1161 404 1235 458; x_wconf 89' lang='lat' dir='ltr'>suut,</span> <span class='ocrx_word' id='word_1_33' title='bbox 1260 405 1286 449; x_wconf 91' lang='lat' dir='ltr'>ct</span> <span class='ocrx_word' id='word_1_34' title='bbox 1297 410 1363 464; x_wconf 87' lang='lat' dir='ltr'>ego,</span> <span class='ocrx_word' id='word_1_35' title='bbox 1383 403 1412 448; x_wconf 85' lang='grc' dir='ltr'>ιιι</span> <span class='ocrx_word' id='word_1_36' title='bbox 1429 395 1517 448; x_wconf 89' lang='lat' dir='ltr'>mirrus</span> <span class='ocrx_word' id='word_1_37' title='bbox 1533 393 1640 462; x_wconf 91' lang='lat' dir='ltr'>sapiens</span> <span class='ocrx_word' id='word_1_38' title='bbox 1655 392 1725 456; x_wconf 88' lang='lat' dir='ltr'>dieo,</span> <span class='ocrx_word' id='word_1_39' title='bbox 1742 394 1805 462; x_wconf 83' lang='lat' dir='ltr'>plus</span> 
     </span>
     <span class='ocr_line' id='line_1_4' title="bbox 176 481 1804 562; baseline -0.006 -17"><span class='ocrx_word' id='word_1_40' title='bbox 176 507 226 562; x_wconf 90' lang='lat' dir='ltr'>per</span> <span class='ocrx_word' id='word_1_41' title='bbox 248 489 394 560; x_wconf 91' lang='lat' dir='ltr'>apostolos,</span> <span class='ocrx_word' id='word_1_42' title='bbox 407 488 470 543; x_wconf 90' lang='lat' dir='ltr'>durn</span> <span class='ocrx_word' id='word_1_43' title='bbox 486 487 557 557; x_wconf 90' lang='lat' dir='ltr'>plebi</span> <span class='ocrx_word' id='word_1_44' title='bbox 572 501 627 542; x_wconf 67' lang='lat' dir='ltr'>suae</span> <span class='ocrx_word' id='word_1_45' title='bbox 640 500 730 540; x_wconf 89' lang='lat' dir='ltr'>mores</span> <span class='ocrx_word' id='word_1_46' title='bbox 744 482 872 546; x_wconf 80' lang='lat' dir='ltr'>excoluit,</span> <span class='ocrx_word' id='word_1_47' title='bbox 887 481 963 550; x_wconf 85' lang='lat' dir='ltr'>quasi</span> <span class='ocrx_word' id='word_1_48' title='bbox 1017 500 1107 554; x_wconf 75' lang='lat' dir='ltr'>rego.</span> <span class='ocrx_word' id='word_1_49' title='bbox 1142 485 1169 537; x_wconf 93' lang='lat' dir='ltr'>lu</span> <span class='ocrx_word' id='word_1_50' title='bbox 1195 484 1331 537; x_wconf 84' lang='lat' dir='ltr'>laboribus</span> <span class='ocrx_word' id='word_1_51' title='bbox 1345 483 1478 552; x_wconf 81' lang='lat' dir='ltr'>plurimis,</span> <span class='ocrx_word' id='word_1_52' title='bbox 1506 483 1532 536; x_wconf 93' lang='lat' dir='ltr'>in</span> <span class='ocrx_word' id='word_1_53' title='bbox 1549 483 1704 536; x_wconf 86' lang='lat' dir='ltr'>carceribus</span> <span class='ocrx_word' id='word_1_54' title='bbox 1718 483 1804 536; x_wconf 93' lang='lat' dir='ltr'>abun-</span> 
     </span>
    </p>
   </div>
   <div class='ocr_carea' id='block_1_3' title="bbox 176 572 967 1638">
    <p class='ocr_par' dir='ltr' id='par_1_3' title="bbox 176 572 967 1638">
     <span class='ocr_line' id='line_1_5' title="bbox 176 572 964 650; baseline -0.015 -15"><span class='ocrx_word' id='word_1_55' title='bbox 176 595 225 650; x_wconf 86' lang='lat' dir='ltr'>per</span> <span class='ocrx_word' id='word_1_56' title='bbox 235 578 374 649; x_wconf 88' lang='lat' dir='ltr'>operarios</span> <span class='ocrx_word' id='word_1_57' title='bbox 384 578 501 631; x_wconf 80' lang='lat' dir='ltr'>inrineae</span> <span class='ocrx_word' id='word_1_58' title='bbox 508 577 620 631; x_wconf 86' lang='lat' dir='ltr'>culturae</span> <span class='ocrx_word' id='word_1_59' title='bbox 630 590 711 643; x_wconf 89' lang='lat' dir='ltr'>opera</span> <span class='ocrx_word' id='word_1_60' title='bbox 721 572 862 636; x_wconf 88' lang='lat' dir='ltr'>laborarit,</span> <span class='ocrx_word' id='word_1_61' title='bbox 873 587 964 640; x_wconf 89' lang='lat' dir='ltr'>quam-</span> 
     </span>
     <span class='ocr_line' id='line_1_6' title="bbox 176 664 963 740; baseline -0.015 -14"><span class='ocrx_word' id='word_1_62' title='bbox 176 672 218 726; x_wconf 83' lang='lat' dir='ltr'>vis</span> <span class='ocrx_word' id='word_1_63' title='bbox 233 673 260 726; x_wconf 89' lang='lat' dir='ltr'>iu</span> <span class='ocrx_word' id='word_1_64' title='bbox 277 668 524 740; x_wconf 89' lang='lat' dir='ltr'>quolibetnrodulo‚</span> <span class='ocrx_word' id='word_1_65' title='bbox 551 667 591 722; x_wconf 87' lang='lat' dir='ltr'>rcl</span> <span class='ocrx_word' id='word_1_66' title='bbox 606 681 743 730; x_wconf 91' lang='lat' dir='ltr'>mensura,</span> <span class='ocrx_word' id='word_1_67' title='bbox 759 664 881 735; x_wconf 90' lang='lat' dir='ltr'>quisquis</span> <span class='ocrx_word' id='word_1_68' title='bbox 904 678 963 717; x_wconf 91' lang='lat' dir='ltr'>curn</span> 
     </span>
     <span class='ocr_line' id='line_1_7' title="bbox 178 755 965 826; baseline -0.017 -7"><span class='ocrx_word' id='word_1_69' title='bbox 178 762 229 820; x_wconf 83' lang='lat' dir='ltr'>ude</span> <span class='ocrx_word' id='word_1_70' title='bbox 239 772 312 816; x_wconf 86' lang='lat' dir='ltr'>recta</span> <span class='ocrx_word' id='word_1_71' title='bbox 325 762 402 816; x_wconf 87' lang='lat' dir='ltr'>bonae</span> <span class='ocrx_word' id='word_1_72' title='bbox 413 760 526 815; x_wconf 89' lang='lat' dir='ltr'>actionis</span> <span class='ocrx_word' id='word_1_73' title='bbox 541 758 654 820; x_wconf 83' lang='lat' dir='ltr'>exstitit,</span> <span class='ocrx_word' id='word_1_74' title='bbox 678 757 758 826; x_wconf 74' lang='lat' dir='ltr'>huius</span> <span class='ocrx_word' id='word_1_75' title='bbox 776 755 861 809; x_wconf 80' lang='lat' dir='ltr'>viuere</span> <span class='ocrx_word' id='word_1_76' title='bbox 873 769 965 823; x_wconf 89' lang='lat' dir='ltr'>opera·</span> 
     </span>
     <span class='ocr_line' id='line_1_8' title="bbox 177 846 966 922; baseline -0.016 -14"><span class='ocrx_word' id='word_1_77' title='bbox 177 855 235 910; x_wconf 87' lang='lat' dir='ltr'>rius</span> <span class='ocrx_word' id='word_1_78' title='bbox 248 852 308 909; x_wconf 86' lang='lat' dir='ltr'>luit.</span> <span class='ocrx_word' id='word_1_79' title='bbox 335 851 467 922; x_wconf 82' lang='lat' dir='ltr'>Operatur</span> <span class='ocrx_word' id='word_1_80' title='bbox 484 865 548 921; x_wconf 86' lang='lat' dir='ltr'>ergo</span> <span class='ocrx_word' id='word_1_81' title='bbox 563 864 642 903; x_wconf 89' lang='lat' dir='ltr'>mane</span> <span class='ocrx_word' id='word_1_82' title='bbox 658 849 725 902; x_wconf 92' lang='lat' dir='ltr'>bora</span> <span class='ocrx_word' id='word_1_83' title='bbox 747 846 835 909; x_wconf 79' lang='lat' dir='ltr'>tertie,</span> <span class='ocrx_word' id='word_1_84' title='bbox 849 852 926 899; x_wconf 80' lang='lat' dir='ltr'>sexta</span> <span class='ocrx_word' id='word_1_85' title='bbox 940 851 966 896; x_wconf 89' lang='lat' dir='ltr'>et</span> 
     </span>
     <span class='ocr_line' id='line_1_9' title="bbox 178 935 964 1013; baseline -0.017 -14"><span class='ocrx_word' id='word_1_86' title='bbox 178 959 259 1009; x_wconf 92' lang='lat' dir='ltr'>nona,</span> <span class='ocrx_word' id='word_1_87' title='bbox 272 943 399 1013; x_wconf 86' lang='lat' dir='ltr'>antiquus</span> <span class='ocrx_word' id='word_1_88' title='bbox 412 941 457 995; x_wconf 91' lang='lat' dir='ltr'>ille</span> <span class='ocrx_word' id='word_1_89' title='bbox 470 947 497 994; x_wconf 90' lang='lat' dir='ltr'>et</span> <span class='ocrx_word' id='word_1_90' title='bbox 509 939 658 994; x_wconf 82' lang='lat' dir='ltr'>Hebraicus</span> <span class='ocrx_word' id='word_1_91' title='bbox 669 936 783 1010; x_wconf 92' lang='lat' dir='ltr'>populus</span> <span class='ocrx_word' id='word_1_92' title='bbox 796 935 964 1004; x_wconf 88' lang='lat' dir='ltr'>designatur,</span> 
     </span>
     <span class='ocr_line' id='line_1_10' title="bbox 177 1027 966 1105; baseline -0.014 -16"><span class='ocrx_word' id='word_1_93' title='bbox 177 1035 223 1105; x_wconf 93' lang='lat' dir='ltr'>qui</span> <span class='ocrx_word' id='word_1_94' title='bbox 235 1035 262 1089; x_wconf 92' lang='lat' dir='ltr'>ia</span> <span class='ocrx_word' id='word_1_95' title='bbox 273 1033 365 1092; x_wconf 87' lang='lat' dir='ltr'>electis</span> <span class='ocrx_word' id='word_1_96' title='bbox 379 1032 436 1086; x_wconf 93' lang='lat' dir='ltr'>suis</span> <span class='ocrx_word' id='word_1_97' title='bbox 450 1032 484 1085; x_wconf 90' lang='lat' dir='ltr'>ab</span> <span class='ocrx_word' id='word_1_98' title='bbox 498 1032 556 1102; x_wconf 90' lang='lat' dir='ltr'>ipso</span> <span class='ocrx_word' id='word_1_99' title='bbox 568 1030 660 1085; x_wconf 91' lang='lat' dir='ltr'>mundi</span> <span class='ocrx_word' id='word_1_100' title='bbox 676 1028 798 1092; x_wconf 85' lang='lat' dir='ltr'>exordio,</span> <span class='ocrx_word' id='word_1_101' title='bbox 814 1027 877 1080; x_wconf 91' lang='lat' dir='ltr'>dum</span> <span class='ocrx_word' id='word_1_102' title='bbox 892 1033 966 1079; x_wconf 91' lang='lat' dir='ltr'>recte</span> 
     </span>
     <span class='ocr_line' id='line_1_11' title="bbox 178 1114 967 1192; baseline -0.019 -11"><span class='ocrx_word' id='word_1_103' title='bbox 178 1125 262 1181; x_wconf 84' lang='lat' dir='ltr'>Deum</span> <span class='ocrx_word' id='word_1_104' title='bbox 273 1123 375 1179; x_wconf 81' lang='lat' dir='ltr'><strong>studuit</strong></span> <span class='ocrx_word' id='word_1_105' title='bbox 389 1122 487 1186; x_wconf 91' lang='lat' dir='ltr'>colere,</span> <span class='ocrx_word' id='word_1_106' title='bbox 496 1122 572 1192; x_wconf 80' lang='lat' dir='ltr'><strong>quasi</strong></span> <span class='ocrx_word' id='word_1_107' title='bbox 588 1136 641 1175; x_wconf 87' lang='lat' dir='ltr'>non</span> <span class='ocrx_word' id='word_1_108' title='bbox 653 1117 757 1174; x_wconf 75' lang='lat' dir='ltr'>destitit</span> <span class='ocrx_word' id='word_1_109' title='bbox 771 1116 798 1171; x_wconf 94' lang='lat' dir='ltr'>in</span> <span class='ocrx_word' id='word_1_110' title='bbox 810 1116 896 1171; x_wconf 75' lang='lat' dir='ltr'>rinese</span> <span class='ocrx_word' id='word_1_111' title='bbox 910 1114 967 1167; x_wconf 91' lang='lat' dir='ltr'>cul-</span> 
     </span>
     <span class='ocr_line' id='line_1_12' title="bbox 178 1206 966 1279; baseline -0.019 -8"><span class='ocrx_word' id='word_1_112' title='bbox 178 1225 239 1271; x_wconf 88' lang='lat' dir='ltr'>tura</span> <span class='ocrx_word' id='word_1_113' title='bbox 254 1215 386 1269; x_wconf 89' lang='lat' dir='ltr'>laborare.</span> <span class='ocrx_word' id='word_1_114' title='bbox 421 1212 461 1268; x_wconf 78' lang='lat' dir='ltr'>dd</span> <span class='ocrx_word' id='word_1_115' title='bbox 473 1212 644 1268; x_wconf 82' lang='lat' dir='ltr'>undecimam</span> <span class='ocrx_word' id='word_1_116' title='bbox 660 1225 724 1264; x_wconf 81' lang='lat' dir='ltr'>reio</span> <span class='ocrx_word' id='word_1_117' title='bbox 739 1206 852 1279; x_wconf 80' lang='lat' dir='ltr'>gentiles</span> <span class='ocrx_word' id='word_1_118' title='bbox 865 1220 966 1258; x_wconf 88' lang='lat' dir='ltr'>recan-</span> 
     </span>
     <span class='ocr_line' id='line_1_13' title="bbox 177 1293 966 1376; baseline -0.016 -16"><span class='ocrx_word' id='word_1_119' title='bbox 177 1314 231 1370; x_wconf 92' lang='lat' dir='ltr'>tur,</span> <span class='ocrx_word' id='word_1_120' title='bbox 251 1305 349 1376; x_wconf 91' lang='lat' dir='ltr'>quibus</span> <span class='ocrx_word' id='word_1_121' title='bbox 362 1315 390 1359; x_wconf 89' lang='lat' dir='ltr'>et</span> <span class='ocrx_word' id='word_1_122' title='bbox 403 1303 515 1358; x_wconf 87' lang='lat' dir='ltr'>dicitur:</span> <span class='ocrx_word' id='word_1_123' title='bbox 529 1301 597 1368; x_wconf 81' lang='lat' dir='ltr'>Quid</span> <span class='ocrx_word' id='word_1_124' title='bbox 605 1301 650 1355; x_wconf 91' lang='lat' dir='ltr'>bic</span> <span class='ocrx_word' id='word_1_125' title='bbox 661 1298 740 1354; x_wconf 86' lang='lat' dir='ltr'>statis</span> <span class='ocrx_word' id='word_1_126' title='bbox 756 1304 810 1351; x_wconf 90' lang='lat' dir='ltr'>tota</span> <span class='ocrx_word' id='word_1_127' title='bbox 823 1294 866 1351; x_wconf 91' lang='lat' dir='ltr'>die</span> <span class='ocrx_word' id='word_1_128' title='bbox 876 1293 966 1354; x_wconf 90' lang='lat' dir='ltr'>otiosi,</span> 
     </span>
     <span class='ocr_line' id='line_1_14' title="bbox 177 1389 967 1466; baseline -0.014 -19"><span class='ocrx_word' id='word_1_129' title='bbox 177 1395 224 1466; x_wconf 89' lang='lat' dir='ltr'>qui</span> <span class='ocrx_word' id='word_1_130' title='bbox 235 1395 306 1450; x_wconf 88' lang='lat' dir='ltr'>euim</span> <span class='ocrx_word' id='word_1_131' title='bbox 321 1403 458 1449; x_wconf 88' lang='lat' dir='ltr'>transacto</span> <span class='ocrx_word' id='word_1_132' title='bbox 478 1401 533 1446; x_wconf 92' lang='lat' dir='ltr'>tam</span> <span class='ocrx_word' id='word_1_133' title='bbox 558 1393 636 1462; x_wconf 89' lang='lat' dir='ltr'>longo</span> <span class='ocrx_word' id='word_1_134' title='bbox 649 1389 741 1444; x_wconf 91' lang='lat' dir='ltr'>mundi</span> <span class='ocrx_word' id='word_1_135' title='bbox 759 1396 889 1455; x_wconf 86' lang='lat' dir='ltr'>tempore,</span> <span class='ocrx_word' id='word_1_136' title='bbox 919 1399 967 1454; x_wconf 91' lang='lat' dir='ltr'>pro</span> 
     </span>
     <span class='ocr_line' id='line_1_15' title="bbox 178 1473 967 1552; baseline -0.015 -13"><span class='ocrx_word' id='word_1_137' title='bbox 178 1486 232 1539; x_wconf 86' lang='lat' dir='ltr'>rita</span> <span class='ocrx_word' id='word_1_138' title='bbox 253 1500 301 1539; x_wconf 91' lang='lat' dir='ltr'>sua</span> <span class='ocrx_word' id='word_1_139' title='bbox 316 1481 441 1538; x_wconf 85' lang='lat' dir='ltr'>laborare</span> <span class='ocrx_word' id='word_1_140' title='bbox 463 1481 648 1552; x_wconf 82' lang='lat' dir='ltr'>neglexerant,</span> <span class='ocrx_word' id='word_1_141' title='bbox 670 1478 746 1546; x_wconf 84' lang='lat' dir='ltr'>quasi</span> <span class='ocrx_word' id='word_1_142' title='bbox 766 1485 819 1530; x_wconf 88' lang='lat' dir='ltr'>tota</span> <span class='ocrx_word' id='word_1_143' title='bbox 833 1474 876 1529; x_wconf 92' lang='lat' dir='ltr'>die</span> <span class='ocrx_word' id='word_1_144' title='bbox 888 1473 967 1528; x_wconf 89' lang='lat' dir='ltr'>otiosi</span> 
     </span>
     <span class='ocr_line' id='line_1_16' title="bbox 178 1565 964 1638; baseline -0.014 -11"><span class='ocrx_word' id='word_1_145' title='bbox 178 1574 294 1628; x_wconf 86' lang='lat' dir='ltr'>stabant.</span> <span class='ocrx_word' id='word_1_146' title='bbox 306 1573 432 1635; x_wconf 85' lang='lat' dir='ltr'>Pensatc,</span> <span class='ocrx_word' id='word_1_147' title='bbox 446 1570 553 1636; x_wconf 84' lang='lat' dir='ltr'>iratres,</span> <span class='ocrx_word' id='word_1_148' title='bbox 566 1569 630 1638; x_wconf 92' lang='lat' dir='ltr'>quid</span> <span class='ocrx_word' id='word_1_149' title='bbox 641 1568 762 1638; x_wconf 86' lang='lat' dir='ltr'>inquisiti</span> <span class='ocrx_word' id='word_1_150' title='bbox 776 1565 964 1635; x_wconf 79' lang='lat' dir='ltr'>respondeant.</span> 
     </span>
    </p>
   </div>
   <div class='ocr_carea' id='block_1_4' title="bbox 160 1652 1004 1732">
    <p class='ocr_par' dir='ltr' id='par_1_4' title="bbox 160 1652 1004 1732">
     <span class='ocr_line' id='line_1_17' title="bbox 160 1652 1004 1732; baseline -0.006 -16"><span class='ocrx_word' id='word_1_151' title='bbox 160 1718 161 1723; x_wconf 40' lang='lat'>,</span> <span class='ocrx_word' id='word_1_152' title='bbox 178 1663 277 1718; x_wconf 83' lang='lat' dir='ltr'>Dicunt</span> <span class='ocrx_word' id='word_1_153' title='bbox 287 1662 371 1727; x_wconf 91' lang='lat' dir='ltr'>enim,</span> <span class='ocrx_word' id='word_1_154' title='bbox 384 1662 447 1732; x_wconf 86' lang='lat' dir='ltr'>quia</span> <span class='ocrx_word' id='word_1_155' title='bbox 463 1675 541 1714; x_wconf 89' lang='lat' dir='ltr'>nemo</span> <span class='ocrx_word' id='word_1_156' title='bbox 554 1675 602 1715; x_wconf 86' lang='lat' dir='ltr'>nos</span> <span class='ocrx_word' id='word_1_157' title='bbox 615 1658 754 1722; x_wconf 80' lang='lat' dir='ltr'>conduxit,</span> <span class='ocrx_word' id='word_1_158' title='bbox 769 1655 859 1710; x_wconf 91' lang='lat' dir='ltr'>nullus</span> <span class='ocrx_word' id='word_1_159' title='bbox 869 1655 966 1723; x_wconf 91' lang='lat' dir='ltr'>quippe</span> <span class='ocrx_word' id='word_1_160' title='bbox 981 1652 1004 1711; x_wconf 88' lang='lat' dir='ltr'>B</span> 
     </span>
    </p>
   </div>
   <div class='ocr_carea' id='block_1_5' title="bbox 132 1745 969 2916">
    <p class='ocr_par' dir='ltr' id='par_1_5' title="bbox 132 1745 969 2916">
     <span class='ocr_line' id='line_1_18' title="bbox 177 1745 966 1820; baseline -0.009 -14"><span class='ocrx_word' id='word_1_161' title='bbox 177 1753 211 1808; x_wconf 89' lang='lat' dir='ltr'>ad</span> <span class='ocrx_word' id='word_1_162' title='bbox 221 1767 268 1806; x_wconf 91' lang='lat' dir='ltr'>eos</span> <span class='ocrx_word' id='word_1_163' title='bbox 282 1751 446 1820; x_wconf 79' lang='lat' dir='ltr'>patriarcha,</span> <span class='ocrx_word' id='word_1_164' title='bbox 459 1748 549 1803; x_wconf 90' lang='lat' dir='ltr'>nullus</span> <span class='ocrx_word' id='word_1_165' title='bbox 564 1748 693 1818; x_wconf 90' lang='lat' dir='ltr'>propbeta</span> <span class='ocrx_word' id='word_1_166' title='bbox 707 1754 829 1801; x_wconf 85' lang='lat' dir='ltr'>venerat.</span> <span class='ocrx_word' id='word_1_167' title='bbox 858 1745 892 1798; x_wconf 84' lang='lat' dir='ltr'>Et</span> <span class='ocrx_word' id='word_1_168' title='bbox 902 1746 966 1814; x_wconf 93' lang='lat' dir='ltr'>quid</span> 
     </span>
     <span class='ocr_line' id='line_1_19' title="bbox 177 1834 967 1901; baseline -0.011 -5"><span class='ocrx_word' id='word_1_169' title='bbox 177 1849 220 1896; x_wconf 83' lang='lat' dir='ltr'>est</span> <span class='ocrx_word' id='word_1_170' title='bbox 232 1841 322 1895; x_wconf 83' lang='lat' dir='ltr'>dicere</span> <span class='ocrx_word' id='word_1_171' title='bbox 333 1840 366 1894; x_wconf 89' lang='lat' dir='ltr'>ad</span> <span class='ocrx_word' id='word_1_172' title='bbox 381 1839 502 1893; x_wconf 88' lang='lat' dir='ltr'>laborem</span> <span class='ocrx_word' id='word_1_173' title='bbox 516 1853 595 1893; x_wconf 89' lang='lat' dir='ltr'>nemo</span> <span class='ocrx_word' id='word_1_174' title='bbox 612 1853 661 1892; x_wconf 94' lang='lat' dir='ltr'>nos</span> <span class='ocrx_word' id='word_1_175' title='bbox 672 1835 816 1901; x_wconf 81' lang='lat' dir='ltr'>conduxit,</span> <span class='ocrx_word' id='word_1_176' title='bbox 841 1834 893 1888; x_wconf 90' lang='lat' dir='ltr'>nisi</span> <span class='ocrx_word' id='word_1_177' title='bbox 906 1834 967 1887; x_wconf 86' lang='lat' dir='ltr'>ritae</span> 
     </span>
     <span class='ocr_line' id='line_1_20' title="bbox 178 1924 967 1998; baseline -0.009 -14"><span class='ocrx_word' id='word_1_178' title='bbox 178 1930 255 1985; x_wconf 88' lang='lat' dir='ltr'>nobis</span> <span class='ocrx_word' id='word_1_179' title='bbox 279 1931 336 1984; x_wconf 87' lang='lat' dir='ltr'>rias</span> <span class='ocrx_word' id='word_1_180' title='bbox 348 1945 427 1984; x_wconf 92' lang='lat' dir='ltr'>nemo</span> <span class='ocrx_word' id='word_1_181' title='bbox 441 1927 609 1998; x_wconf 87' lang='lat' dir='ltr'>praedicarit.</span> <span class='ocrx_word' id='word_1_182' title='bbox 640 1927 709 1993; x_wconf 81' lang='lat' dir='ltr'>Quid</span> <span class='ocrx_word' id='word_1_183' title='bbox 723 1941 787 1995; x_wconf 89' lang='lat' dir='ltr'>ergo</span> <span class='ocrx_word' id='word_1_184' title='bbox 802 1940 879 1978; x_wconf 93' lang='lat' dir='ltr'>nosa</span> <span class='ocrx_word' id='word_1_185' title='bbox 895 1924 967 1977; x_wconf 90' lang='lat' dir='ltr'>bono</span> 
     </span>
     <span class='ocr_line' id='line_1_21' title="bbox 132 2015 965 2089; baseline -0.006 -15"><span class='ocrx_word' id='word_1_186' title='bbox 132 2047 135 2052; x_wconf 94' lang='lat'>·</span> <span class='ocrx_word' id='word_1_187' title='bbox 177 2034 259 2089; x_wconf 86' lang='lat' dir='ltr'>opere</span> <span class='ocrx_word' id='word_1_188' title='bbox 271 2028 417 2084; x_wconf 78' lang='lat' dir='ltr'>cessantes,</span> <span class='ocrx_word' id='word_1_189' title='bbox 427 2020 452 2073; x_wconf 91' lang='lat' dir='ltr'>in</span> <span class='ocrx_word' id='word_1_190' title='bbox 466 2018 641 2073; x_wconf 66' lang='lat' dir='ltr'>extenuatione</span> <span class='ocrx_word' id='word_1_191' title='bbox 655 2015 850 2071; x_wconf 89' lang='lat' dir='ltr'>nostradieturi</span> <span class='ocrx_word' id='word_1_192' title='bbox 862 2031 965 2079; x_wconf 89' lang='lat' dir='ltr'>suurns,</span> 
     </span>
     <span class='ocr_line' id='line_1_22' title="bbox 177 2106 966 2178; baseline -0.008 -15"><span class='ocrx_word' id='word_1_193' title='bbox 177 2111 224 2178; x_wconf 90' lang='lat' dir='ltr'>qui</span> <span class='ocrx_word' id='word_1_194' title='bbox 237 2123 304 2178; x_wconf 91' lang='lat' dir='ltr'>pene</span> <span class='ocrx_word' id='word_1_195' title='bbox 318 2126 333 2162; x_wconf 90' lang='lat' dir='ltr'>a</span> <span class='ocrx_word' id='word_1_196' title='bbox 349 2110 444 2163; x_wconf 91' lang='lat' dir='ltr'>matris</span> <span class='ocrx_word' id='word_1_197' title='bbox 456 2116 533 2162; x_wconf 90' lang='lat' dir='ltr'>utero</span> <span class='ocrx_word' id='word_1_198' title='bbox 546 2109 578 2161; x_wconf 93' lang='lat' dir='ltr'>ad</span> <span class='ocrx_word' id='word_1_199' title='bbox 595 2106 674 2161; x_wconf 80' lang='lat' dir='ltr'>fidem</span> <span class='ocrx_word' id='word_1_200' title='bbox 686 2107 816 2167; x_wconf 88' lang='lat' dir='ltr'>rcuimus,</span> <span class='ocrx_word' id='word_1_201' title='bbox 829 2107 874 2174; x_wconf 90' lang='lat' dir='ltr'>qui</span> <span class='ocrx_word' id='word_1_202' title='bbox 887 2107 966 2157; x_wconf 84' lang='lat' dir='ltr'>rerba</span> 
     </span>
     <span class='ocr_line' id='line_1_23' title="bbox 178 2197 968 2273; baseline -0.009 -16"><span class='ocrx_word' id='word_1_203' title='bbox 178 2203 240 2257; x_wconf 77' lang='lat' dir='ltr'>ritae</span> <span class='ocrx_word' id='word_1_204' title='bbox 253 2204 287 2258; x_wconf 89' lang='lat' dir='ltr'>ab</span> <span class='ocrx_word' id='word_1_205' title='bbox 310 2203 375 2273; x_wconf 91' lang='lat' dir='ltr'>ipsis</span> <span class='ocrx_word' id='word_1_206' title='bbox 385 2202 525 2257; x_wconf 91' lang='lat' dir='ltr'>cunabulis</span> <span class='ocrx_word' id='word_1_207' title='bbox 547 2200 709 2263; x_wconf 89' lang='lat' dir='ltr'>audirimus,</span> <span class='ocrx_word' id='word_1_208' title='bbox 727 2198 772 2267; x_wconf 92' lang='lat' dir='ltr'>qui</span> <span class='ocrx_word' id='word_1_209' title='bbox 792 2197 826 2250; x_wconf 95' lang='lat' dir='ltr'>ab</span> <span class='ocrx_word' id='word_1_210' title='bbox 841 2197 968 2251; x_wconf 78' lang='lat' dir='ltr'>uberibus</span> 
     </span>
     <span class='ocr_line' id='line_1_24' title="bbox 179 2292 968 2368; baseline -0.014 -13"><span class='ocrx_word' id='word_1_211' title='bbox 179 2311 280 2356; x_wconf 84' lang='lat' dir='ltr'>sanctae</span> <span class='ocrx_word' id='word_1_212' title='bbox 289 2299 426 2364; x_wconf 80' lang='lat' dir='ltr'>Ecclesiae,</span> <span class='ocrx_word' id='word_1_213' title='bbox 442 2308 534 2368; x_wconf 88' lang='lat' dir='ltr'>potum</span> <span class='ocrx_word' id='word_1_214' title='bbox 547 2311 670 2366; x_wconf 74' lang='lat' dir='ltr'>superne</span> <span class='ocrx_word' id='word_1_215' title='bbox 682 2292 881 2365; x_wconf 77' lang='lat' dir='ltr'>praedicationis</span> <span class='ocrx_word' id='word_1_216' title='bbox 895 2308 968 2346; x_wconf 92' lang='lat' dir='ltr'>sum-</span> 
     </span>
     <span class='ocr_line' id='line_1_25' title="bbox 178 2384 967 2463; baseline -0.013 -17"><span class='ocrx_word' id='word_1_217' title='bbox 178 2392 281 2463; x_wconf 90' lang='lat' dir='ltr'>psimus</span> <span class='ocrx_word' id='word_1_218' title='bbox 293 2407 354 2446; x_wconf 91' lang='lat' dir='ltr'>cum</span> <span class='ocrx_word' id='word_1_219' title='bbox 364 2390 435 2445; x_wconf 92' lang='lat' dir='ltr'>laete</span> <span class='ocrx_word' id='word_1_220' title='bbox 448 2388 549 2443; x_wconf 88' lang='lat' dir='ltr'>earnis.</span> <span class='ocrx_word' id='word_1_221' title='bbox 576 2388 722 2441; x_wconf 81' lang='lat' dir='ltr'>Possumus</span> <span class='ocrx_word' id='word_1_222' title='bbox 735 2399 799 2438; x_wconf 86' lang='lat' dir='ltr'>rero</span> <span class='ocrx_word' id='word_1_223' title='bbox 811 2392 839 2438; x_wconf 92' lang='lat' dir='ltr'>et</span> <span class='ocrx_word' id='word_1_224' title='bbox 859 2384 967 2437; x_wconf 84' lang='lat' dir='ltr'>easdem</span> 
     </span>
     <span class='ocr_line' id='line_1_26' title="bbox 179 2475 968 2544; baseline -0.01 -9"><span class='ocrx_word' id='word_1_225' title='bbox 179 2481 350 2536; x_wconf 76' lang='lat' dir='ltr'>diversitates</span> <span class='ocrx_word' id='word_1_226' title='bbox 359 2480 488 2534; x_wconf 90' lang='lat' dir='ltr'>borarurn</span> <span class='ocrx_word' id='word_1_227' title='bbox 501 2477 583 2532; x_wconf 91' lang='lat' dir='ltr'>etiam</span> <span class='ocrx_word' id='word_1_228' title='bbox 597 2477 630 2530; x_wconf 92' lang='lat' dir='ltr'>ad</span> <span class='ocrx_word' id='word_1_229' title='bbox 643 2490 860 2544; x_wconf 89' lang='lat' dir='ltr'>unumquemque</span> <span class='ocrx_word' id='word_1_230' title='bbox 881 2475 968 2528; x_wconf 90' lang='lat' dir='ltr'>bomi-</span> 
     </span>
     <span class='ocr_line' id='line_1_27' title="bbox 179 2565 969 2643; baseline -0.009 -16"><span class='ocrx_word' id='word_1_231' title='bbox 179 2589 252 2637; x_wconf 91' lang='lat' dir='ltr'>ucnr,</span> <span class='ocrx_word' id='word_1_232' title='bbox 264 2581 432 2643; x_wconf 76' lang='lat' dir='ltr'>punctatum</span> <span class='ocrx_word' id='word_1_233' title='bbox 443 2577 580 2624; x_wconf 91' lang='lat' dir='ltr'>momenta</span> <span class='ocrx_word' id='word_1_234' title='bbox 592 2568 766 2638; x_wconf 78' lang='lat' dir='ltr'>distinguere.</span> <span class='ocrx_word' id='word_1_235' title='bbox 784 2566 861 2620; x_wconf 86' lang='lat' dir='ltr'>blane</span> <span class='ocrx_word' id='word_1_236' title='bbox 871 2565 969 2636; x_wconf 87' lang='lat' dir='ltr'>quippe</span> 
     </span>
     <span class='ocr_line' id='line_1_28' title="bbox 181 2659 968 2729; baseline -0.01 -11"><span class='ocrx_word' id='word_1_237' title='bbox 181 2663 334 2718; x_wconf 85' lang='lat' dir='ltr'>intellectus</span> <span class='ocrx_word' id='word_1_238' title='bbox 357 2662 442 2717; x_wconf 91' lang='lat' dir='ltr'>nostri</span> <span class='ocrx_word' id='word_1_239' title='bbox 469 2659 585 2729; x_wconf 91' lang='lat' dir='ltr'>pucritia</span> <span class='ocrx_word' id='word_1_240' title='bbox 613 2668 666 2724; x_wconf 90' lang='lat' dir='ltr'>est,</span> <span class='ocrx_word' id='word_1_241' title='bbox 691 2659 758 2712; x_wconf 91' lang='lat' dir='ltr'>hora</span> <span class='ocrx_word' id='word_1_242' title='bbox 783 2666 872 2711; x_wconf 79' lang='lat' dir='ltr'>autern</span> <span class='ocrx_word' id='word_1_243' title='bbox 890 2659 968 2711; x_wconf 87' lang='lat' dir='ltr'>tertia</span> 
     </span>
     <span class='ocr_line' id='line_1_29' title="bbox 179 2748 968 2824; baseline -0.01 -14"><span class='ocrx_word' id='word_1_244' title='bbox 179 2755 361 2810; x_wconf 84' lang='lat' dir='ltr'>adolescentia</span> <span class='ocrx_word' id='word_1_245' title='bbox 380 2752 491 2824; x_wconf 82' lang='lat' dir='ltr'>intelligi</span> <span class='ocrx_word' id='word_1_246' title='bbox 509 2759 608 2822; x_wconf 89' lang='lat' dir='ltr'>potest.</span> <span class='ocrx_word' id='word_1_247' title='bbox 637 2750 703 2816; x_wconf 82' lang='lat' dir='ltr'>Quia</span> <span class='ocrx_word' id='word_1_248' title='bbox 716 2750 792 2820; x_wconf 88' lang='lat' dir='ltr'>qnasi</span> <span class='ocrx_word' id='word_1_249' title='bbox 808 2750 863 2820; x_wconf 85' lang='lat' dir='ltr'>jam</span> <span class='ocrx_word' id='word_1_250' title='bbox 880 2748 920 2804; x_wconf 93' lang='lat' dir='ltr'>sol</span> <span class='ocrx_word' id='word_1_251' title='bbox 941 2751 968 2804; x_wconf 93' lang='lat' dir='ltr'>in</span> 
     </span>
     <span class='ocr_line' id='line_1_30' title="bbox 179 2839 969 2916; baseline -0.01 -15"><span class='ocrx_word' id='word_1_252' title='bbox 179 2848 262 2902; x_wconf 90' lang='lat' dir='ltr'>altum</span> <span class='ocrx_word' id='word_1_253' title='bbox 285 2845 392 2916; x_wconf 90' lang='lat' dir='ltr'>prolicit</span> <span class='ocrx_word' id='word_1_254' title='bbox 415 2844 477 2899; x_wconf 92' lang='lat' dir='ltr'>dum</span> <span class='ocrx_word' id='word_1_255' title='bbox 493 2842 568 2897; x_wconf 92' lang='lat' dir='ltr'>calor</span> <span class='ocrx_word' id='word_1_256' title='bbox 583 2840 671 2896; x_wconf 64' lang='lat' dir='ltr'>aetatis</span> <span class='ocrx_word' id='word_1_257' title='bbox 686 2842 794 2896; x_wconf 85' lang='lat' dir='ltr'>crescit.</span> <span class='ocrx_word' id='word_1_258' title='bbox 816 2839 969 2895; x_wconf 84' lang='lat' dir='ltr'>Sextarcro</span> 
     </span>
    </p>
   </div>
   <div class='ocr_carea' id='block_1_6' title="bbox 72 2933 1003 3194">
    <p class='ocr_par' dir='ltr' id='par_1_6' title="bbox 72 2933 1003 3194">
     <span class='ocr_line' id='line_1_31' title="bbox 92 2933 968 3011; baseline -0.008 -18"><span class='ocrx_word' id='word_1_259' title='bbox 92 3003 97 3011; x_wconf 32' lang='grc'>1</span> <span class='ocrx_word' id='word_1_260' title='bbox 177 2939 302 3010; x_wconf 79' lang='lat' dir='ltr'>juventus</span> <span class='ocrx_word' id='word_1_261' title='bbox 320 2945 372 3002; x_wconf 88' lang='lat' dir='ltr'>est,</span> <span class='ocrx_word' id='word_1_262' title='bbox 388 2937 451 3007; x_wconf 92' lang='lat' dir='ltr'>quia</span> <span class='ocrx_word' id='word_1_263' title='bbox 464 2936 536 2990; x_wconf 87' lang='lat' dir='ltr'>relat</span> <span class='ocrx_word' id='word_1_264' title='bbox 549 2935 577 2989; x_wconf 90' lang='lat' dir='ltr'>iu</span> <span class='ocrx_word' id='word_1_265' title='bbox 588 2944 681 2989; x_wconf 91' lang='lat' dir='ltr'>centro</span> <span class='ocrx_word' id='word_1_266' title='bbox 693 2934 732 2989; x_wconf 93' lang='lat' dir='ltr'>sol</span> <span class='ocrx_word' id='word_1_267' title='bbox 745 2933 844 3003; x_wconf 84' lang='lat' dir='ltr'>ligitur,</span> <span class='ocrx_word' id='word_1_268' title='bbox 857 2935 919 2988; x_wconf 86' lang='lat' dir='ltr'>dnnr</span> <span class='ocrx_word' id='word_1_269' title='bbox 941 2934 968 2987; x_wconf 94' lang='lat' dir='ltr'>in</span> 
     </span>
     <span class='ocr_line' id='line_1_32' title="bbox 178 3007 1003 3097; baseline -0.006 -13"><span class='ocrx_word' id='word_1_270' title='bbox 178 3045 211 3084; x_wconf 93' lang='lat' dir='ltr'>eo</span> <span class='ocrx_word' id='word_1_271' title='bbox 222 3027 472 3097; x_wconf 87' lang='lat' dir='ltr'>plenitudoroboris</span> <span class='ocrx_word' id='word_1_272' title='bbox 486 3026 535 3080; x_wconf 90' lang='lat' dir='ltr'>soli</span> <span class='ocrx_word' id='word_1_273' title='bbox 550 3027 638 3079; x_wconf 88' lang='lat' dir='ltr'>datur.</span> <span class='ocrx_word' id='word_1_274' title='bbox 655 3024 729 3080; x_wconf 88' lang='lat' dir='ltr'>Noua</span> <span class='ocrx_word' id='word_1_275' title='bbox 743 3034 831 3078; x_wconf 88' lang='lat' dir='ltr'>autem</span> <span class='ocrx_word' id='word_1_276' title='bbox 843 3007 1003 3080; x_wconf 86' lang='lat' dir='ltr'>senectusC</span> 
     </span>
     <span class='ocr_line' id='line_1_33' title="bbox 72 3116 964 3194; baseline -0.002 -22"><span class='ocrx_word' id='word_1_277' title='bbox 72 3167 76 3172; x_wconf 87' lang='lat'>.</span> <span class='ocrx_word' id='word_1_278' title='bbox 136 3181 156 3194; x_wconf 18' lang='grc' dir='ltr'>,Ι</span> <span class='ocrx_word' id='word_1_279' title='bbox 180 3120 349 3190; x_wconf 74' lang='lat' dir='ltr'>intelligitur,</span> <span class='ocrx_word' id='word_1_280' title='bbox 376 3117 403 3171; x_wconf 90' lang='lat' dir='ltr'>in</span> <span class='ocrx_word' id='word_1_281' title='bbox 427 3131 480 3186; x_wconf 89' lang='lat' dir='ltr'>qua</span> <span class='ocrx_word' id='word_1_282' title='bbox 504 3116 575 3170; x_wconf 86' lang='lat' dir='ltr'>rclut</span> <span class='ocrx_word' id='word_1_283' title='bbox 589 3117 629 3171; x_wconf 92' lang='lat' dir='ltr'>sol</span> <span class='ocrx_word' id='word_1_284' title='bbox 643 3117 677 3171; x_wconf 91' lang='lat' dir='ltr'>ab</span> <span class='ocrx_word' id='word_1_285' title='bbox 690 3116 743 3170; x_wconf 93' lang='lat' dir='ltr'>alto</span> <span class='ocrx_word' id='word_1_286' title='bbox 759 3132 808 3170; x_wconf 82' lang='lat' dir='ltr'>axe</span> <span class='ocrx_word' id='word_1_287' title='bbox 820 3117 964 3181; x_wconf 90' lang='lat' dir='ltr'>descendit,</span> 
     </span>
    </p>
   </div>
   <div class='ocr_carea' id='block_1_7' title="bbox 140 3206 969 4373">
    <p class='ocr_par' dir='ltr' id='par_1_7' title="bbox 140 3206 969 4079">
     <span class='ocr_line' id='line_1_34' title="bbox 180 3206 968 3282; baseline -0.006 -17"><span class='ocrx_word' id='word_1_288' title='bbox 180 3211 244 3282; x_wconf 87' lang='lat' dir='ltr'>quia</span> <span class='ocrx_word' id='word_1_289' title='bbox 271 3218 336 3264; x_wconf 72' lang='lat' dir='ltr'>netas</span> <span class='ocrx_word' id='word_1_290' title='bbox 361 3225 376 3262; x_wconf 94' lang='lat' dir='ltr'>a</span> <span class='ocrx_word' id='word_1_291' title='bbox 399 3206 487 3263; x_wconf 88' lang='lat' dir='ltr'>calore</span> <span class='ocrx_word' id='word_1_292' title='bbox 509 3206 658 3276; x_wconf 86' lang='lat' dir='ltr'>juventutis</span> <span class='ocrx_word' id='word_1_293' title='bbox 687 3206 789 3262; x_wconf 84' lang='lat' dir='ltr'>delicit.</span> <span class='ocrx_word' id='word_1_294' title='bbox 820 3206 968 3262; x_wconf 87' lang='lat' dir='ltr'>Undecima</span> 
     </span>
     <span class='ocr_line' id='line_1_35' title="bbox 140 3298 969 3372; baseline -0.002 -16"><span class='ocrx_word' id='word_1_295' title='bbox 140 3369 142 3372; x_wconf 22' lang='grc' dir='ltr'>Ι</span> <span class='ocrx_word' id='word_1_296' title='bbox 179 3316 244 3356; x_wconf 87' lang='lat' dir='ltr'>rero</span> <span class='ocrx_word' id='word_1_297' title='bbox 258 3301 336 3364; x_wconf 83' lang='lat' dir='ltr'>born,</span> <span class='ocrx_word' id='word_1_298' title='bbox 350 3307 415 3353; x_wconf 84' lang='lat' dir='ltr'>actas</span> <span class='ocrx_word' id='word_1_299' title='bbox 429 3304 471 3353; x_wconf 90' lang='lat' dir='ltr'>est</span> <span class='ocrx_word' id='word_1_300' title='bbox 501 3313 561 3368; x_wconf 77' lang='lat' dir='ltr'>quae</span> <span class='ocrx_word' id='word_1_301' title='bbox 577 3298 712 3368; x_wconf 87' lang='lat' dir='ltr'>decrepita</span> <span class='ocrx_word' id='word_1_302' title='bbox 731 3298 773 3352; x_wconf 88' lang='lat' dir='ltr'>rel</span> <span class='ocrx_word' id='word_1_303' title='bbox 785 3309 912 3354; x_wconf 83' lang='lat' dir='ltr'>veterana</span> <span class='ocrx_word' id='word_1_304' title='bbox 932 3301 969 3354; x_wconf 91' lang='lat' dir='ltr'>di-</span> 
     </span>
     <span class='ocr_line' id='line_1_36' title="bbox 180 3387 966 3464; baseline 0 -19"><span class='ocrx_word' id='word_1_305' title='bbox 180 3392 250 3445; x_wconf 91' lang='lat' dir='ltr'>citur</span> <span class='ocrx_word' id='word_1_306' title='bbox 265 3390 353 3455; x_wconf 89' lang='lat' dir='ltr'>;unde</span> <span class='ocrx_word' id='word_1_307' title='bbox 367 3396 394 3444; x_wconf 90' lang='lat' dir='ltr'>et</span> <span class='ocrx_word' id='word_1_308' title='bbox 408 3388 495 3443; x_wconf 82' lang='lat' dir='ltr'>Graeci</span> <span class='ocrx_word' id='word_1_309' title='bbox 509 3387 585 3443; x_wconf 88' lang='lat' dir='ltr'>valde</span> <span class='ocrx_word' id='word_1_310' title='bbox 599 3388 729 3452; x_wconf 89' lang='lat' dir='ltr'>seniores,</span> <span class='ocrx_word' id='word_1_311' title='bbox 751 3404 804 3443; x_wconf 93' lang='lat' dir='ltr'>non</span> <span class='ocrx_word' id='word_1_312' title='bbox 828 3394 966 3464; x_wconf 64' lang='grc' dir='ltr'>γερὼνιας,</span> 
     </span>
     <span class='ocr_line' id='line_1_37' title="bbox 180 3479 968 3558; baseline -0.004 -21"><span class='ocrx_word' id='word_1_313' title='bbox 180 3482 228 3537; x_wconf 87' lang='lat' dir='ltr'>scd</span> <span class='ocrx_word' id='word_1_314' title='bbox 244 3482 437 3558; x_wconf 71' lang='grc' dir='ltr'>πρεσὸυτὲρους</span> <span class='ocrx_word' id='word_1_315' title='bbox 457 3479 604 3550; x_wconf 88' lang='lat' dir='ltr'>appellant,</span> <span class='ocrx_word' id='word_1_316' title='bbox 620 3487 649 3534; x_wconf 93' lang='lat' dir='ltr'>ut</span> <span class='ocrx_word' id='word_1_317' title='bbox 660 3479 801 3549; x_wconf 87' lang='lat' dir='ltr'>plusquam</span> <span class='ocrx_word' id='word_1_318' title='bbox 817 3495 895 3534; x_wconf 88' lang='lat' dir='ltr'>senes</span> <span class='ocrx_word' id='word_1_319' title='bbox 908 3495 968 3534; x_wconf 90' lang='lat' dir='ltr'>csse</span> 
     </span>
     <span class='ocr_line' id='line_1_38' title="bbox 180 3568 967 3639; baseline -0.004 -13"><span class='ocrx_word' id='word_1_320' title='bbox 180 3572 359 3634; x_wconf 89' lang='lat' dir='ltr'>insinuarent,</span> <span class='ocrx_word' id='word_1_321' title='bbox 374 3585 442 3639; x_wconf 94' lang='lat' dir='ltr'>quos</span> <span class='ocrx_word' id='word_1_322' title='bbox 453 3568 630 3639; x_wconf 80' lang='lat' dir='ltr'>profectiores</span> <span class='ocrx_word' id='word_1_323' title='bbox 644 3580 748 3623; x_wconf 83' lang='lat' dir='ltr'>rocam.</span> <span class='ocrx_word' id='word_1_324' title='bbox 776 3569 842 3636; x_wconf 78' lang='lat' dir='ltr'>Quia</span> <span class='ocrx_word' id='word_1_325' title='bbox 858 3583 922 3639; x_wconf 84' lang='lat' dir='ltr'>ergo</span> <span class='ocrx_word' id='word_1_326' title='bbox 935 3570 967 3623; x_wconf 92' lang='lat' dir='ltr'>ad</span> 
     </span>
     <span class='ocr_line' id='line_1_39' title="bbox 180 3660 967 3732; baseline -0.001 -15"><span class='ocrx_word' id='word_1_327' title='bbox 180 3664 262 3718; x_wconf 84' lang='lat' dir='ltr'>ritarir</span> <span class='ocrx_word' id='word_1_328' title='bbox 273 3664 371 3718; x_wconf 91' lang='lat' dir='ltr'>bonam</span> <span class='ocrx_word' id='word_1_329' title='bbox 382 3662 450 3718; x_wconf 91' lang='lat' dir='ltr'>alius</span> <span class='ocrx_word' id='word_1_330' title='bbox 468 3662 496 3716; x_wconf 91' lang='lat' dir='ltr'>in</span> <span class='ocrx_word' id='word_1_331' title='bbox 511 3662 637 3732; x_wconf 81' lang='lat' dir='ltr'>pueritia,</span> <span class='ocrx_word' id='word_1_332' title='bbox 653 3660 722 3716; x_wconf 92' lang='lat' dir='ltr'>alius</span> <span class='ocrx_word' id='word_1_333' title='bbox 734 3662 761 3715; x_wconf 94' lang='lat' dir='ltr'>in</span> <span class='ocrx_word' id='word_1_334' title='bbox 774 3663 967 3728; x_wconf 89' lang='lat' dir='ltr'>adolescentia,</span> 
     </span>
     <span class='ocr_line' id='line_1_40' title="bbox 181 3749 969 3821; baseline -0.001 -13"><span class='ocrx_word' id='word_1_335' title='bbox 181 3754 248 3809; x_wconf 85' lang='lat' dir='ltr'>alius</span> <span class='ocrx_word' id='word_1_336' title='bbox 259 3753 284 3807; x_wconf 89' lang='lat' dir='ltr'>in</span> <span class='ocrx_word' id='word_1_337' title='bbox 295 3752 445 3821; x_wconf 81' lang='lat' dir='ltr'>juventute,</span> <span class='ocrx_word' id='word_1_338' title='bbox 470 3751 539 3806; x_wconf 90' lang='lat' dir='ltr'>alius</span> <span class='ocrx_word' id='word_1_339' title='bbox 552 3752 578 3805; x_wconf 94' lang='lat' dir='ltr'>in</span> <span class='ocrx_word' id='word_1_340' title='bbox 592 3759 740 3816; x_wconf 89' lang='lat' dir='ltr'>senectute,</span> <span class='ocrx_word' id='word_1_341' title='bbox 754 3749 823 3806; x_wconf 91' lang='lat' dir='ltr'>alius</span> <span class='ocrx_word' id='word_1_342' title='bbox 835 3753 862 3805; x_wconf 92' lang='lat' dir='ltr'>in</span> <span class='ocrx_word' id='word_1_343' title='bbox 876 3751 969 3807; x_wconf 89' lang='lat' dir='ltr'>deere-</span> 
     </span>
     <span class='ocr_line' id='line_1_41' title="bbox 181 3842 968 3916; baseline -0.005 -16"><span class='ocrx_word' id='word_1_344' title='bbox 181 3847 235 3916; x_wconf 90' lang='lat' dir='ltr'>pita</span> <span class='ocrx_word' id='word_1_345' title='bbox 262 3852 341 3900; x_wconf 81' lang='lat' dir='ltr'>aetate</span> <span class='ocrx_word' id='word_1_346' title='bbox 364 3844 530 3913; x_wconf 81' lang='lat' dir='ltr'>perducitur,</span> <span class='ocrx_word' id='word_1_347' title='bbox 547 3842 749 3913; x_wconf 75' lang='lat' dir='ltr'>quasidirersis</span> <span class='ocrx_word' id='word_1_348' title='bbox 763 3842 838 3896; x_wconf 92' lang='lat' dir='ltr'>boris</span> <span class='ocrx_word' id='word_1_349' title='bbox 850 3843 968 3912; x_wconf 88' lang='lat' dir='ltr'>operarii</span> 
     </span>
     <span class='ocr_line' id='line_1_42' title="bbox 181 3935 489 3991; baseline -0.013 0"><span class='ocrx_word' id='word_1_350' title='bbox 181 3937 215 3991; x_wconf 91' lang='lat' dir='ltr'>ad</span> <span class='ocrx_word' id='word_1_351' title='bbox 228 3935 333 3990; x_wconf 86' lang='lat' dir='ltr'>rirreanr</span> <span class='ocrx_word' id='word_1_352' title='bbox 349 3943 489 3989; x_wconf 81' lang='lat' dir='ltr'>vocantur.</span> 
     </span>
     <span class='ocr_line' id='line_1_43' title="bbox 497 4038 653 4079; baseline -0.019 0"><span class='ocrx_word' id='word_1_353' title='bbox 497 4038 653 4079; x_wconf 86' lang='lat' dir='ltr'>concoanu.</span> 
     </span>
    </p>

    <p class='ocr_par' dir='ltr' id='par_1_8' title="bbox 181 4111 969 4373">
     <span class='ocr_line' id='line_1_44' title="bbox 216 4111 966 4178; baseline -0.004 -7"><span class='ocrx_word' id='word_1_354' title='bbox 216 4116 245 4171; x_wconf 95' lang='lat' dir='ltr'>ln</span> <span class='ocrx_word' id='word_1_355' title='bbox 260 4116 312 4172; x_wconf 92' lang='lat' dir='ltr'>boe</span> <span class='ocrx_word' id='word_1_356' title='bbox 338 4117 450 4171; x_wconf 70' lang='lat' dir='ltr'>istarum</span> <span class='ocrx_word' id='word_1_357' title='bbox 464 4114 576 4170; x_wconf 90' lang='lat' dir='ltr'>duarum</span> <span class='ocrx_word' id='word_1_358' title='bbox 603 4114 633 4168; x_wconf 86' lang='lat' dir='ltr'>lrt</span> <span class='ocrx_word' id='word_1_359' title='bbox 652 4111 796 4170; x_wconf 81' lang='lat' dir='ltr'>maenidia</span> <span class='ocrx_word' id='word_1_360' title='bbox 811 4113 966 4178; x_wconf 89' lang='lat' dir='ltr'>lectionum,</span> 
     </span>
     <span class='ocr_line' id='line_1_45' title="bbox 181 4207 969 4282; baseline -0.005 -18"><span class='ocrx_word' id='word_1_361' title='bbox 181 4212 245 4282; x_wconf 87' lang='lat' dir='ltr'>quia</span> <span class='ocrx_word' id='word_1_362' title='bbox 267 4210 336 4266; x_wconf 88' lang='lat' dir='ltr'>sicut</span> <span class='ocrx_word' id='word_1_363' title='bbox 355 4208 498 4280; x_wconf 80' lang='lat' dir='ltr'>Apostolus</span> <span class='ocrx_word' id='word_1_364' title='bbox 522 4208 640 4264; x_wconf 84' lang='lat' dir='ltr'>currenti</span> <span class='ocrx_word' id='word_1_365' title='bbox 655 4207 790 4272; x_wconf 84' lang='lat' dir='ltr'>bravium,</span> <span class='ocrx_word' id='word_1_366' title='bbox 817 4208 853 4262; x_wconf 90' lang='lat' dir='ltr'>ita</span> <span class='ocrx_word' id='word_1_367' title='bbox 883 4207 969 4260; x_wconf 85' lang='lat' dir='ltr'>Eran-</span> 
     </span>
     <span class='ocr_line' id='line_1_46' title="bbox 182 4300 966 4373; baseline -0.01 -14"><span class='ocrx_word' id='word_1_368' title='bbox 182 4303 280 4373; x_wconf 88' lang='lat' dir='ltr'>gelium</span> <span class='ocrx_word' id='word_1_369' title='bbox 305 4303 399 4358; x_wconf 88' lang='lat' dir='ltr'>tribuit</span> <span class='ocrx_word' id='word_1_370' title='bbox 419 4301 655 4372; x_wconf 80' lang='lat' dir='ltr'>perseverantibus</span> <span class='ocrx_word' id='word_1_371' title='bbox 669 4301 695 4354; x_wconf 93' lang='lat' dir='ltr'>in</span> <span class='ocrx_word' id='word_1_372' title='bbox 706 4300 798 4354; x_wconf 91' lang='lat' dir='ltr'>labore</span> <span class='ocrx_word' id='word_1_373' title='bbox 817 4300 966 4359; x_wconf 91' lang='lat' dir='ltr'>denarium,</span> 
     </span>
    </p>
   </div>
   <div class='ocr_carea' id='block_1_8' title="bbox 1017 571 1887 4355">
    <p class='ocr_par' dir='ltr' id='par_1_9' title="bbox 1017 571 1887 4355">
     <span class='ocr_line' id='line_1_47' title="bbox 1017 571 1804 644; baseline 0.003 -20"><span class='ocrx_word' id='word_1_374' title='bbox 1017 593 1026 624; x_wconf 92' lang='grc' dir='ltr'>ι</span> <span class='ocrx_word' id='word_1_375' title='bbox 1047 575 1166 639; x_wconf 78' lang='lat' dir='ltr'>daritiam,</span> <span class='ocrx_word' id='word_1_376' title='bbox 1183 575 1208 627; x_wconf 93' lang='lat' dir='ltr'>iu</span> <span class='ocrx_word' id='word_1_377' title='bbox 1235 574 1320 644; x_wconf 79' lang='lat' dir='ltr'>plagis</span> <span class='ocrx_word' id='word_1_378' title='bbox 1335 589 1415 642; x_wconf 89' lang='lat' dir='ltr'>supra</span> <span class='ocrx_word' id='word_1_379' title='bbox 1431 573 1549 637; x_wconf 87' lang='lat' dir='ltr'>nrodum,</span> <span class='ocrx_word' id='word_1_380' title='bbox 1566 572 1591 625; x_wconf 93' lang='lat' dir='ltr'>in</span> <span class='ocrx_word' id='word_1_381' title='bbox 1604 571 1734 626; x_wconf 90' lang='lat' dir='ltr'>mortibus</span> <span class='ocrx_word' id='word_1_382' title='bbox 1748 572 1804 626; x_wconf 81' lang='lat' dir='ltr'>sre-</span> 
     </span>
     <span class='ocr_line' id='line_1_48' title="bbox 1017 665 1804 736; baseline 0 -19"><span class='ocrx_word' id='word_1_383' title='bbox 1017 686 1026 717; x_wconf 83' lang='lat' dir='ltr'>i</span> <span class='ocrx_word' id='word_1_384' title='bbox 1049 676 1171 736; x_wconf 88' lang='lat' dir='ltr'>qrreutcr.</span> <span class='ocrx_word' id='word_1_385' title='bbox 1208 665 1343 719; x_wconf 73' lang='lat' dir='ltr'>blrrlmis</span> <span class='ocrx_word' id='word_1_386' title='bbox 1365 665 1506 734; x_wconf 83' lang='lat' dir='ltr'>quinquies</span> <span class='ocrx_word' id='word_1_387' title='bbox 1523 665 1726 736; x_wconf 74' lang='lat' dir='ltr'>qrrtrdragenas,</span> <span class='ocrx_word' id='word_1_388' title='bbox 1751 682 1804 717; x_wconf 90' lang='lat' dir='ltr'>uua</span> 
     </span>
     <span class='ocr_line' id='line_1_49' title="bbox 1018 755 1806 825; baseline 0.001 -19"><span class='ocrx_word' id='word_1_389' title='bbox 1018 774 1027 806; x_wconf 91' lang='grc' dir='ltr'>ι</span> <span class='ocrx_word' id='word_1_390' title='bbox 1050 757 1139 810; x_wconf 91' lang='lat' dir='ltr'>miuus</span> <span class='ocrx_word' id='word_1_391' title='bbox 1153 758 1252 825; x_wconf 83' lang='lat' dir='ltr'>accepi.</span> <span class='ocrx_word' id='word_1_392' title='bbox 1287 757 1339 810; x_wconf 90' lang='lat' dir='ltr'>Ter</span> <span class='ocrx_word' id='word_1_393' title='bbox 1358 756 1439 825; x_wconf 74' lang='lat' dir='ltr'>uirgis</span> <span class='ocrx_word' id='word_1_394' title='bbox 1453 771 1538 809; x_wconf 70' lang='lat' dir='ltr'>cresus</span> <span class='ocrx_word' id='word_1_395' title='bbox 1550 771 1619 817; x_wconf 89' lang='lat' dir='ltr'>sum,</span> <span class='ocrx_word' id='word_1_396' title='bbox 1641 755 1724 809; x_wconf 90' lang='lat' dir='ltr'>semel</span> <span class='ocrx_word' id='word_1_397' title='bbox 1739 756 1806 824; x_wconf 86' lang='lat' dir='ltr'>lapi-</span> 
     </span>
     <span class='ocr_line' id='line_1_50' title="bbox 1019 847 1805 917; baseline 0.006 -19"><span class='ocrx_word' id='word_1_398' title='bbox 1019 867 1028 898; x_wconf 94' lang='grc' dir='ltr'>ι</span> <span class='ocrx_word' id='word_1_399' title='bbox 1050 849 1128 902; x_wconf 91' lang='lat' dir='ltr'>datus</span> <span class='ocrx_word' id='word_1_400' title='bbox 1143 864 1213 912; x_wconf 90' lang='lat' dir='ltr'>sum,</span> <span class='ocrx_word' id='word_1_401' title='bbox 1247 857 1285 901; x_wconf 90' lang='lat' dir='ltr'>ter</span> <span class='ocrx_word' id='word_1_402' title='bbox 1296 847 1466 917; x_wconf 77' lang='lat' dir='ltr'>naufragium</span> <span class='ocrx_word' id='word_1_403' title='bbox 1491 847 1552 911; x_wconf 89' lang='lat' dir='ltr'>leci,</span> <span class='ocrx_word' id='word_1_404' title='bbox 1572 857 1650 902; x_wconf 90' lang='lat' dir='ltr'>nocte</span> <span class='ocrx_word' id='word_1_405' title='bbox 1669 865 1700 904; x_wconf 91' lang='lat' dir='ltr'>ae</span> <span class='ocrx_word' id='word_1_406' title='bbox 1717 850 1760 902; x_wconf 88' lang='lat' dir='ltr'>die</span> <span class='ocrx_word' id='word_1_407' title='bbox 1779 850 1805 903; x_wconf 92' lang='lat' dir='ltr'>in</span> 
     </span>
     <span class='ocr_line' id='line_1_51' title="bbox 1019 937 1806 1009; baseline 0.005 -21"><span class='ocrx_word' id='word_1_408' title='bbox 1019 959 1027 988; x_wconf 86' lang='grc' dir='ltr'>ι</span> <span class='ocrx_word' id='word_1_409' title='bbox 1051 938 1183 1009; x_wconf 87' lang='lat' dir='ltr'>prolundo</span> <span class='ocrx_word' id='word_1_410' title='bbox 1198 940 1280 993; x_wconf 92' lang='lat' dir='ltr'>maris</span> <span class='ocrx_word' id='word_1_411' title='bbox 1297 937 1347 1001; x_wconf 85' lang='lat' dir='ltr'>lui,</span> <span class='ocrx_word' id='word_1_412' title='bbox 1373 938 1397 991; x_wconf 93' lang='lat' dir='ltr'>iu</span> <span class='ocrx_word' id='word_1_413' title='bbox 1410 938 1552 992; x_wconf 87' lang='lat' dir='ltr'>itineribus</span> <span class='ocrx_word' id='word_1_414' title='bbox 1566 953 1645 1007; x_wconf 67' lang='lat' dir='ltr'>sarpe.</span> <span class='ocrx_word' id='word_1_415' title='bbox 1674 938 1806 992; x_wconf 85' lang='lat' dir='ltr'>Periculis</span> 
     </span>
     <span class='ocr_line' id='line_1_52' title="bbox 1019 1027 1804 1097; baseline 0 -17"><span class='ocrx_word' id='word_1_416' title='bbox 1019 1047 1028 1079; x_wconf 90' lang='grc' dir='ltr'>ι</span> <span class='ocrx_word' id='word_1_417' title='bbox 1050 1028 1201 1091; x_wconf 88' lang='lat' dir='ltr'>llunrinum,</span> <span class='ocrx_word' id='word_1_418' title='bbox 1212 1028 1340 1097; x_wconf 85' lang='lat' dir='ltr'>perieulis</span> <span class='ocrx_word' id='word_1_419' title='bbox 1351 1027 1495 1090; x_wconf 88' lang='lat' dir='ltr'>latronum,</span> <span class='ocrx_word' id='word_1_420' title='bbox 1512 1027 1639 1096; x_wconf 87' lang='lat' dir='ltr'>periculis</span> <span class='ocrx_word' id='word_1_421' title='bbox 1650 1042 1682 1079; x_wconf 80' lang='lat' dir='ltr'>cx</span> <span class='ocrx_word' id='word_1_422' title='bbox 1696 1044 1804 1097; x_wconf 83' lang='lat' dir='ltr'>genere,</span> 
     </span>
     <span class='ocr_line' id='line_1_53' title="bbox 1020 1118 1807 1190; baseline 0.001 -21"><span class='ocrx_word' id='word_1_423' title='bbox 1020 1137 1028 1169; x_wconf 94' lang='grc' dir='ltr'>ι</span> <span class='ocrx_word' id='word_1_424' title='bbox 1051 1120 1179 1190; x_wconf 90' lang='lat' dir='ltr'>periculis</span> <span class='ocrx_word' id='word_1_425' title='bbox 1194 1136 1225 1172; x_wconf 85' lang='lat' dir='ltr'>cx</span> <span class='ocrx_word' id='word_1_426' title='bbox 1245 1119 1379 1189; x_wconf 74' lang='lat' dir='ltr'>gentibue,</span> <span class='ocrx_word' id='word_1_427' title='bbox 1400 1118 1528 1188; x_wconf 88' lang='lat' dir='ltr'>periculis</span> <span class='ocrx_word' id='word_1_428' title='bbox 1542 1119 1568 1172; x_wconf 95' lang='lat' dir='ltr'>in</span> <span class='ocrx_word' id='word_1_429' title='bbox 1587 1118 1707 1181; x_wconf 76' lang='lat' dir='ltr'>civitate,</span> <span class='ocrx_word' id='word_1_430' title='bbox 1735 1120 1807 1185; x_wconf 78' lang='lat' dir='ltr'>peri-</span> 
     </span>
     <span class='ocr_line' id='line_1_54' title="bbox 1020 1206 1804 1277; baseline 0.001 -17"><span class='ocrx_word' id='word_1_431' title='bbox 1020 1228 1029 1260; x_wconf 93' lang='grc' dir='ltr'>ι</span> <span class='ocrx_word' id='word_1_432' title='bbox 1053 1209 1120 1263; x_wconf 91' lang='lat' dir='ltr'>culis</span> <span class='ocrx_word' id='word_1_433' title='bbox 1133 1209 1160 1263; x_wconf 91' lang='lat' dir='ltr'>iu</span> <span class='ocrx_word' id='word_1_434' title='bbox 1172 1209 1326 1269; x_wconf 86' lang='lat' dir='ltr'>solitudine,</span> <span class='ocrx_word' id='word_1_435' title='bbox 1341 1207 1467 1277; x_wconf 89' lang='lat' dir='ltr'>periculis</span> <span class='ocrx_word' id='word_1_436' title='bbox 1479 1208 1505 1260; x_wconf 92' lang='lat' dir='ltr'>in</span> <span class='ocrx_word' id='word_1_437' title='bbox 1522 1207 1600 1272; x_wconf 90' lang='lat' dir='ltr'>mari,</span> <span class='ocrx_word' id='word_1_438' title='bbox 1624 1207 1753 1276; x_wconf 87' lang='lat' dir='ltr'>periculis</span> <span class='ocrx_word' id='word_1_439' title='bbox 1777 1206 1804 1261; x_wconf 90' lang='lat' dir='ltr'>in</span> 
     </span>
     <span class='ocr_line' id='line_1_55' title="bbox 1021 1301 1807 1373; baseline 0.001 -20"><span class='ocrx_word' id='word_1_440' title='bbox 1021 1321 1030 1353; x_wconf 93' lang='grc' dir='ltr'>ι</span> <span class='ocrx_word' id='word_1_441' title='bbox 1051 1301 1126 1357; x_wconf 77' lang='lat' dir='ltr'>salsis</span> <span class='ocrx_word' id='word_1_442' title='bbox 1150 1301 1289 1357; x_wconf 82' lang='lat' dir='ltr'>iratribus.</span> <span class='ocrx_word' id='word_1_443' title='bbox 1317 1302 1346 1356; x_wconf 94' lang='lat' dir='ltr'>ln</span> <span class='ocrx_word' id='word_1_444' title='bbox 1363 1302 1456 1357; x_wconf 92' lang='lat' dir='ltr'>labore</span> <span class='ocrx_word' id='word_1_445' title='bbox 1473 1309 1500 1356; x_wconf 93' lang='lat' dir='ltr'>et</span> <span class='ocrx_word' id='word_1_446' title='bbox 1512 1317 1641 1366; x_wconf 83' lang='lat' dir='ltr'>aeurmna,</span> <span class='ocrx_word' id='word_1_447' title='bbox 1668 1303 1807 1373; x_wconf 74' lang='lat' dir='ltr'>invigiliis</span> 
     </span>
     <span class='ocr_line' id='line_1_56' title="bbox 1022 1392 1807 1464; baseline 0.001 -18"><span class='ocrx_word' id='word_1_448' title='bbox 1022 1392 1154 1449; x_wconf 74' lang='lat' dir='ltr'>r&#39;multis.</span> <span class='ocrx_word' id='word_1_449' title='bbox 1180 1396 1209 1449; x_wconf 89' lang='lat' dir='ltr'>la</span> <span class='ocrx_word' id='word_1_450' title='bbox 1232 1394 1302 1448; x_wconf 65' lang='lat' dir='ltr'>lernae</span> <span class='ocrx_word' id='word_1_451' title='bbox 1316 1403 1343 1449; x_wconf 95' lang='lat' dir='ltr'>ct</span> <span class='ocrx_word' id='word_1_452' title='bbox 1356 1395 1411 1459; x_wconf 91' lang='lat' dir='ltr'>siti,</span> <span class='ocrx_word' id='word_1_453' title='bbox 1427 1395 1454 1448; x_wconf 94' lang='lat' dir='ltr'>in</span> <span class='ocrx_word' id='word_1_454' title='bbox 1464 1393 1574 1464; x_wconf 86' lang='lat' dir='ltr'>jejuniis</span> <span class='ocrx_word' id='word_1_455' title='bbox 1588 1393 1689 1458; x_wconf 90' lang='lat' dir='ltr'>multis,</span> <span class='ocrx_word' id='word_1_456' title='bbox 1716 1394 1742 1447; x_wconf 91' lang='lat' dir='ltr'>iu</span> <span class='ocrx_word' id='word_1_457' title='bbox 1760 1394 1807 1447; x_wconf 81' lang='grc' dir='ltr'>[ιί-</span> 
     </span>
     <span class='ocr_line' id='line_1_57' title="bbox 1022 1481 1805 1556; baseline 0.003 -22"><span class='ocrx_word' id='word_1_458' title='bbox 1022 1503 1031 1534; x_wconf 94' lang='grc' dir='ltr'>ι</span> <span class='ocrx_word' id='word_1_459' title='bbox 1051 1501 1115 1556; x_wconf 88' lang='lat' dir='ltr'>gore</span> <span class='ocrx_word' id='word_1_460' title='bbox 1125 1481 1155 1540; x_wconf 80' lang='lat' dir='ltr'>et</span> <span class='ocrx_word' id='word_1_461' title='bbox 1166 1485 1295 1540; x_wconf 87' lang='lat' dir='ltr'>nuditate.</span> <span class='ocrx_word' id='word_1_462' title='bbox 1310 1484 1412 1540; x_wconf 79' lang='lat' dir='ltr'>Praetcr</span> <span class='ocrx_word' id='word_1_463' title='bbox 1423 1485 1465 1539; x_wconf 91' lang='lat' dir='ltr'>illa</span> <span class='ocrx_word' id='word_1_464' title='bbox 1478 1500 1536 1554; x_wconf 89' lang='lat' dir='ltr'>quae</span> <span class='ocrx_word' id='word_1_465' title='bbox 1547 1484 1717 1538; x_wconf 85' lang='lat' dir='ltr'>extrinsecus</span> <span class='ocrx_word' id='word_1_466' title='bbox 1734 1494 1805 1546; x_wconf 90' lang='lat' dir='ltr'>sunt,</span> 
     </span>
     <span class='ocr_line' id='line_1_58' title="bbox 1022 1575 1808 1647; baseline 0.001 -19"><span class='ocrx_word' id='word_1_467' title='bbox 1022 1596 1031 1628; x_wconf 93' lang='grc' dir='ltr'>ι</span> <span class='ocrx_word' id='word_1_468' title='bbox 1054 1579 1255 1633; x_wconf 86' lang='lat' dir='ltr'>instantiamea</span> <span class='ocrx_word' id='word_1_469' title='bbox 1270 1578 1425 1647; x_wconf 86' lang='lat' dir='ltr'>quotidiana</span> <span class='ocrx_word' id='word_1_470' title='bbox 1449 1575 1602 1631; x_wconf 88' lang='lat' dir='ltr'>sollicitudo</span> <span class='ocrx_word' id='word_1_471' title='bbox 1625 1575 1745 1630; x_wconf 89' lang='lat' dir='ltr'>omniurn</span> <span class='ocrx_word' id='word_1_472' title='bbox 1758 1576 1808 1629; x_wconf 85' lang='lat' dir='ltr'>Ee·</span> 
     </span>
     <span class='ocr_line' id='line_1_59' title="bbox 1021 1666 1808 1737; baseline 0.001 -19"><span class='ocrx_word' id='word_1_473' title='bbox 1021 1686 1030 1718; x_wconf 93' lang='grc' dir='ltr'>ι</span> <span class='ocrx_word' id='word_1_474' title='bbox 1054 1668 1212 1723; x_wconf 89' lang='lat' dir='ltr'>elesiarum.</span> <span class='ocrx_word' id='word_1_475' title='bbox 1237 1667 1303 1736; x_wconf 85' lang='lat' dir='ltr'>Quis</span> <span class='ocrx_word' id='word_1_476' title='bbox 1315 1668 1478 1732; x_wconf 78' lang='lat' dir='ltr'>insumatur,</span> <span class='ocrx_word' id='word_1_477' title='bbox 1490 1676 1517 1722; x_wconf 93' lang='lat' dir='ltr'>ct</span> <span class='ocrx_word' id='word_1_478' title='bbox 1531 1682 1580 1737; x_wconf 87' lang='lat' dir='ltr'>ego</span> <span class='ocrx_word' id='word_1_479' title='bbox 1595 1683 1646 1722; x_wconf 91' lang='lat' dir='ltr'>nou</span> <span class='ocrx_word' id='word_1_480' title='bbox 1664 1666 1808 1720; x_wconf 72' lang='lat' dir='ltr'>infirmor?</span> 
     </span>
     <span class='ocr_line' id='line_1_60' title="bbox 1020 1757 1807 1829; baseline 0.005 -21"><span class='ocrx_word' id='word_1_481' title='bbox 1020 1777 1029 1808; x_wconf 90' lang='grc' dir='ltr'>ι</span> <span class='ocrx_word' id='word_1_482' title='bbox 1051 1758 1117 1825; x_wconf 80' lang='lat' dir='ltr'>Quis</span> <span class='ocrx_word' id='word_1_483' title='bbox 1138 1759 1346 1824; x_wconf 82' lang='lat' dir='ltr'>scandalizatur,</span> <span class='ocrx_word' id='word_1_484' title='bbox 1367 1767 1398 1813; x_wconf 88' lang='lat' dir='ltr'>et</span> <span class='ocrx_word' id='word_1_485' title='bbox 1411 1774 1461 1829; x_wconf 82' lang='lat' dir='ltr'>ego</span> <span class='ocrx_word' id='word_1_486' title='bbox 1474 1774 1526 1812; x_wconf 92' lang='lat' dir='ltr'>non</span> <span class='ocrx_word' id='word_1_487' title='bbox 1545 1759 1629 1814; x_wconf 83' lang='lat' dir='ltr'>uror?</span> <span class='ocrx_word' id='word_1_488' title='bbox 1656 1757 1683 1813; x_wconf 89' lang='lat' dir='ltr'>Si</span> <span class='ocrx_word' id='word_1_489' title='bbox 1698 1759 1807 1829; x_wconf 81' lang='lat' dir='ltr'>gloriari</span> 
     </span>
     <span class='ocr_line' id='line_1_61' title="bbox 1020 1842 1805 1920; baseline 0.011 -24"><span class='ocrx_word' id='word_1_490' title='bbox 1020 1866 1029 1896; x_wconf 91' lang='grc' dir='ltr'>ι</span> <span class='ocrx_word' id='word_1_491' title='bbox 1054 1842 1169 1916; x_wconf 88' lang='lat' dir='ltr'>oportet,</span> <span class='ocrx_word' id='word_1_492' title='bbox 1197 1862 1257 1916; x_wconf 82' lang='lat' dir='ltr'>que</span> <span class='ocrx_word' id='word_1_493' title='bbox 1279 1846 1445 1902; x_wconf 79' lang='lat' dir='ltr'>indubitatis</span> <span class='ocrx_word' id='word_1_494' title='bbox 1463 1864 1530 1902; x_wconf 82' lang='lat' dir='ltr'>mere</span> <span class='ocrx_word' id='word_1_495' title='bbox 1554 1856 1635 1914; x_wconf 88' lang='lat' dir='ltr'>sunt,</span> <span class='ocrx_word' id='word_1_496' title='bbox 1660 1849 1805 1920; x_wconf 82' lang='lat' dir='ltr'>gloriabor.</span> 
     </span>
     <span class='ocr_line' id='line_1_62' title="bbox 1019 1935 1808 2007; baseline 0.009 -20"><span class='ocrx_word' id='word_1_497' title='bbox 1019 1956 1028 1987; x_wconf 95' lang='grc' dir='ltr'>ι</span> <span class='ocrx_word' id='word_1_498' title='bbox 1051 1936 1156 1990; x_wconf 85' lang='lat' dir='ltr'>Deusct</span> <span class='ocrx_word' id='word_1_499' title='bbox 1170 1947 1247 2006; x_wconf 87' lang='lat' dir='ltr'>pater</span> <span class='ocrx_word' id='word_1_500' title='bbox 1265 1935 1372 1990; x_wconf 89' lang='lat' dir='ltr'>Domini</span> <span class='ocrx_word' id='word_1_501' title='bbox 1387 1936 1471 1991; x_wconf 90' lang='lat' dir='ltr'>nostri</span> <span class='ocrx_word' id='word_1_502' title='bbox 1486 1935 1551 1992; x_wconf 81' lang='lat' dir='ltr'>lesu</span> <span class='ocrx_word' id='word_1_503' title='bbox 1571 1937 1672 1992; x_wconf 81' lang='lat' dir='ltr'>Christi</span> <span class='ocrx_word' id='word_1_504' title='bbox 1684 1940 1746 2004; x_wconf 83' lang='lat' dir='ltr'>scit,</span> <span class='ocrx_word' id='word_1_505' title='bbox 1762 1942 1808 2007; x_wconf 91' lang='lat' dir='ltr'>qui</span> 
     </span>
     <span class='ocr_line' id='line_1_63' title="bbox 1020 2027 1808 2098; baseline 0.006 -21"><span class='ocrx_word' id='word_1_506' title='bbox 1020 2046 1028 2077; x_wconf 95' lang='grc' dir='ltr'>ι</span> <span class='ocrx_word' id='word_1_507' title='bbox 1052 2027 1259 2083; x_wconf 89' lang='lat' dir='ltr'>estbenedictus</span> <span class='ocrx_word' id='word_1_508' title='bbox 1272 2028 1297 2082; x_wconf 91' lang='lat' dir='ltr'>in</span> <span class='ocrx_word' id='word_1_509' title='bbox 1317 2029 1425 2090; x_wconf 71' lang='lat' dir='ltr'>surcula,</span> <span class='ocrx_word' id='word_1_510' title='bbox 1449 2029 1520 2098; x_wconf 93' lang='lat' dir='ltr'>quod</span> <span class='ocrx_word' id='word_1_511' title='bbox 1547 2030 1735 2083; x_wconf 84' lang='lat' dir='ltr'>nonmcntior.</span> <span class='ocrx_word' id='word_1_512' title='bbox 1757 2031 1808 2083; x_wconf 86' lang='lat' dir='ltr'>ba-</span> 
     </span>
     <span class='ocr_line' id='line_1_64' title="bbox 1021 2120 1809 2193; baseline 0.011 -24"><span class='ocrx_word' id='word_1_513' title='bbox 1021 2137 1029 2169; x_wconf 94' lang='grc' dir='ltr'>ι</span> <span class='ocrx_word' id='word_1_514' title='bbox 1053 2120 1135 2173; x_wconf 91' lang='lat' dir='ltr'>masei</span> <span class='ocrx_word' id='word_1_515' title='bbox 1156 2121 1316 2188; x_wconf 77' lang='lat' dir='ltr'>praepositus</span> <span class='ocrx_word' id='word_1_516' title='bbox 1341 2123 1427 2192; x_wconf 89' lang='lat' dir='ltr'>gemis</span> <span class='ocrx_word' id='word_1_517' title='bbox 1441 2121 1529 2176; x_wconf 78' lang='lat' dir='ltr'>breue</span> <span class='ocrx_word' id='word_1_518' title='bbox 1551 2123 1623 2193; x_wconf 83' lang='lat' dir='ltr'>regis</span> <span class='ocrx_word' id='word_1_519' title='bbox 1639 2125 1809 2178; x_wconf 70' lang='lat' dir='ltr'>custodiebat</span> 
     </span>
     <span class='ocr_line' id='line_1_65' title="bbox 1020 2210 1806 2283; baseline 0.01 -25"><span class='ocrx_word' id='word_1_520' title='bbox 1020 2227 1030 2258; x_wconf 90' lang='grc' dir='ltr'>ι</span> <span class='ocrx_word' id='word_1_521' title='bbox 1052 2210 1188 2264; x_wconf 77' lang='lat' dir='ltr'>civitatem</span> <span class='ocrx_word' id='word_1_522' title='bbox 1201 2210 1440 2275; x_wconf 81' lang='lat' dir='ltr'>Damascenorum,</span> <span class='ocrx_word' id='word_1_523' title='bbox 1455 2221 1484 2266; x_wconf 91' lang='lat' dir='ltr'>ut</span> <span class='ocrx_word' id='word_1_524' title='bbox 1497 2228 1540 2267; x_wconf 89' lang='lat' dir='ltr'>me</span> <span class='ocrx_word' id='word_1_525' title='bbox 1553 2214 1806 2283; x_wconf 86' lang='lat' dir='ltr'>comprehenderet,</span> 
     </span>
     <span class='ocr_line' id='line_1_66' title="bbox 1020 2301 1804 2374; baseline 0.008 -23"><span class='ocrx_word' id='word_1_526' title='bbox 1020 2319 1029 2350; x_wconf 90' lang='grc' dir='ltr'>ι</span> <span class='ocrx_word' id='word_1_527' title='bbox 1052 2310 1081 2355; x_wconf 89' lang='lat' dir='ltr'>et</span> <span class='ocrx_word' id='word_1_528' title='bbox 1092 2317 1141 2372; x_wconf 89' lang='lat' dir='ltr'>per</span> <span class='ocrx_word' id='word_1_529' title='bbox 1152 2301 1300 2356; x_wconf 74' lang='lat' dir='ltr'>terrestrum</span> <span class='ocrx_word' id='word_1_530' title='bbox 1312 2303 1338 2356; x_wconf 92' lang='lat' dir='ltr'>in</span> <span class='ocrx_word' id='word_1_531' title='bbox 1351 2314 1443 2372; x_wconf 88' lang='lat' dir='ltr'>sparta</span> <span class='ocrx_word' id='word_1_532' title='bbox 1469 2304 1595 2359; x_wconf 87' lang='lat' dir='ltr'>dimissus</span> <span class='ocrx_word' id='word_1_533' title='bbox 1612 2320 1671 2358; x_wconf 91' lang='lat' dir='ltr'>sum</span> <span class='ocrx_word' id='word_1_534' title='bbox 1686 2320 1734 2374; x_wconf 76' lang='lat' dir='ltr'>per</span> <span class='ocrx_word' id='word_1_535' title='bbox 1749 2321 1804 2358; x_wconf 85' lang='lat' dir='ltr'>ma-</span> 
     </span>
     <span class='ocr_line' id='line_1_67' title="bbox 1021 2389 1809 2464; baseline 0.014 -27"><span class='ocrx_word' id='word_1_536' title='bbox 1021 2407 1029 2437; x_wconf 95' lang='grc' dir='ltr'>ι</span> <span class='ocrx_word' id='word_1_537' title='bbox 1053 2399 1159 2452; x_wconf 89' lang='lat' dir='ltr'>rum,ct</span> <span class='ocrx_word' id='word_1_538' title='bbox 1173 2390 1212 2444; x_wconf 90' lang='lat' dir='ltr'>sic</span> <span class='ocrx_word' id='word_1_539' title='bbox 1222 2389 1302 2460; x_wconf 85' lang='lat' dir='ltr'>ellugi</span> <span class='ocrx_word' id='word_1_540' title='bbox 1316 2406 1411 2445; x_wconf 90' lang='lat' dir='ltr'>manus</span> <span class='ocrx_word' id='word_1_541' title='bbox 1424 2390 1490 2459; x_wconf 87' lang='lat' dir='ltr'>ejus.</span> <span class='ocrx_word' id='word_1_542' title='bbox 1518 2394 1551 2447; x_wconf 88' lang='lat' dir='ltr'>Et</span> <span class='ocrx_word' id='word_1_543' title='bbox 1568 2394 1589 2447; x_wconf 91' lang='lat' dir='ltr'>si</span> <span class='ocrx_word' id='word_1_544' title='bbox 1602 2394 1712 2464; x_wconf 87' lang='lat' dir='ltr'>gloriari</span> <span class='ocrx_word' id='word_1_545' title='bbox 1727 2411 1809 2464; x_wconf 82' lang='lat' dir='ltr'>‹rpor-</span> 
     </span>
     <span class='ocr_line' id='line_1_68' title="bbox 1022 2480 1810 2549; baseline 0.01 -20"><span class='ocrx_word' id='word_1_546' title='bbox 1022 2498 1030 2529; x_wconf 95' lang='grc' dir='ltr'>ι</span> <span class='ocrx_word' id='word_1_547' title='bbox 1055 2488 1102 2543; x_wconf 88' lang='lat' dir='ltr'>tct,</span> <span class='ocrx_word' id='word_1_548' title='bbox 1120 2494 1172 2533; x_wconf 92' lang='lat' dir='ltr'>non</span> <span class='ocrx_word' id='word_1_549' title='bbox 1184 2480 1289 2548; x_wconf 80' lang='lat' dir='ltr'>expedit</span> <span class='ocrx_word' id='word_1_550' title='bbox 1306 2480 1424 2549; x_wconf 91' lang='lat' dir='ltr'>quidem.</span> <span class='ocrx_word' id='word_1_551' title='bbox 1452 2481 1564 2536; x_wconf 84' lang='lat' dir='ltr'>Veniam</span> <span class='ocrx_word' id='word_1_552' title='bbox 1578 2492 1668 2536; x_wconf 88' lang='lat' dir='ltr'>autem</span> <span class='ocrx_word' id='word_1_553' title='bbox 1681 2485 1714 2537; x_wconf 88' lang='lat' dir='ltr'>ad</span> <span class='ocrx_word' id='word_1_554' title='bbox 1729 2485 1810 2539; x_wconf 81' lang='lat' dir='ltr'>risio-</span> 
     </span>
     <span class='ocr_line' id='line_1_69' title="bbox 1021 2570 1810 2630; baseline 0.013 -10"><span class='ocrx_word' id='word_1_555' title='bbox 1021 2587 1100 2627; x_wconf 82' lang='lat' dir='ltr'>‹nes</span> <span class='ocrx_word' id='word_1_556' title='bbox 1150 2570 1496 2626; x_wconf 76' lang='lat' dir='ltr'>ctreuelationcsDomini.</span> <span class='ocrx_word' id='word_1_557' title='bbox 1535 2571 1596 2627; x_wconf 89' lang='lat' dir='ltr'>Scio</span> <span class='ocrx_word' id='word_1_558' title='bbox 1622 2575 1759 2628; x_wconf 79' lang='lat' dir='ltr'>lronrinem</span> <span class='ocrx_word' id='word_1_559' title='bbox 1783 2576 1810 2630; x_wconf 88' lang='lat' dir='ltr'>iu</span> 
     </span>
     <span class='ocr_line' id='line_1_70' title="bbox 1022 2660 1811 2730; baseline 0.01 -20"><span class='ocrx_word' id='word_1_560' title='bbox 1022 2678 1030 2710; x_wconf 88' lang='grc' dir='ltr'>ι</span> <span class='ocrx_word' id='word_1_561' title='bbox 1053 2660 1162 2715; x_wconf 85' lang='lat' dir='ltr'>Christo</span> <span class='ocrx_word' id='word_1_562' title='bbox 1177 2669 1239 2715; x_wconf 91' lang='lat' dir='ltr'>aute</span> <span class='ocrx_word' id='word_1_563' title='bbox 1261 2677 1345 2716; x_wconf 90' lang='lat' dir='ltr'>annos</span> <span class='ocrx_word' id='word_1_564' title='bbox 1368 2661 1591 2730; x_wconf 85' lang='lat' dir='ltr'>quatuordecim,</span> <span class='ocrx_word' id='word_1_565' title='bbox 1619 2662 1675 2716; x_wconf 89' lang='lat' dir='ltr'>sire</span> <span class='ocrx_word' id='word_1_566' title='bbox 1700 2665 1725 2717; x_wconf 93' lang='lat' dir='ltr'>iu</span> <span class='ocrx_word' id='word_1_567' title='bbox 1750 2681 1811 2718; x_wconf 87' lang='lat' dir='ltr'>cnr-</span> 
     </span>
     <span class='ocr_line' id='line_1_71' title="bbox 1022 2752 1810 2823; baseline 0.009 -22"><span class='ocrx_word' id='word_1_568' title='bbox 1022 2772 1030 2801; x_wconf 94' lang='grc' dir='ltr'>ι</span> <span class='ocrx_word' id='word_1_569' title='bbox 1054 2766 1129 2820; x_wconf 89' lang='lat' dir='ltr'>pore,</span> <span class='ocrx_word' id='word_1_570' title='bbox 1144 2752 1286 2806; x_wconf 83' lang='lat' dir='ltr'>sirccxtra</span> <span class='ocrx_word' id='word_1_571' title='bbox 1303 2767 1400 2821; x_wconf 89' lang='lat' dir='ltr'>corpus</span> <span class='ocrx_word' id='word_1_572' title='bbox 1418 2753 1519 2816; x_wconf 87' lang='lat' dir='ltr'>nescio,</span> <span class='ocrx_word' id='word_1_573' title='bbox 1540 2752 1609 2805; x_wconf 79' lang='lat' dir='ltr'>Deus</span> <span class='ocrx_word' id='word_1_574' title='bbox 1623 2752 1684 2816; x_wconf 89' lang='lat' dir='ltr'>scit,</span> <span class='ocrx_word' id='word_1_575' title='bbox 1702 2764 1810 2823; x_wconf 87' lang='lat' dir='ltr'>raptum</span> 
     </span>
     <span class='ocr_line' id='line_1_72' title="bbox 1022 2842 1812 2914; baseline 0.005 -22"><span class='ocrx_word' id='word_1_576' title='bbox 1022 2860 1030 2892; x_wconf 94' lang='grc' dir='ltr'>ι</span> <span class='ocrx_word' id='word_1_577' title='bbox 1054 2842 1207 2912; x_wconf 88' lang='lat' dir='ltr'>lrujusmodi</span> <span class='ocrx_word' id='word_1_578' title='bbox 1223 2859 1308 2913; x_wconf 90' lang='lat' dir='ltr'>usque</span> <span class='ocrx_word' id='word_1_579' title='bbox 1329 2844 1363 2897; x_wconf 93' lang='lat' dir='ltr'>ad</span> <span class='ocrx_word' id='word_1_580' title='bbox 1378 2842 1486 2897; x_wconf 85' lang='lat' dir='ltr'>tertium</span> <span class='ocrx_word' id='word_1_581' title='bbox 1502 2842 1610 2897; x_wconf 84' lang='lat' dir='ltr'>colum.</span> <span class='ocrx_word' id='word_1_582' title='bbox 1638 2843 1671 2897; x_wconf 85' lang='lat' dir='ltr'>Et</span> <span class='ocrx_word' id='word_1_583' title='bbox 1693 2845 1812 2914; x_wconf 82' lang='lat' dir='ltr'>sciolur·</span> 
     </span>
     <span class='ocr_line' id='line_1_73' title="bbox 1022 2932 1811 3005; baseline 0.005 -20"><span class='ocrx_word' id='word_1_584' title='bbox 1022 2953 1031 2985; x_wconf 93' lang='grc' dir='ltr'>ι</span> <span class='ocrx_word' id='word_1_585' title='bbox 1049 2932 1168 3002; x_wconf 86' lang='lat' dir='ltr'>jusmodi</span> <span class='ocrx_word' id='word_1_586' title='bbox 1183 2936 1328 2999; x_wconf 90' lang='lat' dir='ltr'>bominem,</span> <span class='ocrx_word' id='word_1_587' title='bbox 1343 2936 1399 2990; x_wconf 89' lang='lat' dir='ltr'>sire</span> <span class='ocrx_word' id='word_1_588' title='bbox 1413 2934 1438 2989; x_wconf 90' lang='lat' dir='ltr'>iu</span> <span class='ocrx_word' id='word_1_589' title='bbox 1452 2951 1576 3005; x_wconf 85' lang='lat' dir='ltr'>corpore,</span> <span class='ocrx_word' id='word_1_590' title='bbox 1595 2936 1650 2988; x_wconf 88' lang='lat' dir='ltr'>sire</span> <span class='ocrx_word' id='word_1_591' title='bbox 1666 2946 1741 2988; x_wconf 75' lang='lat' dir='ltr'>citra</span> <span class='ocrx_word' id='word_1_592' title='bbox 1751 2952 1811 2989; x_wconf 83' lang='lat' dir='ltr'>cor·</span> 
     </span>
     <span class='ocr_line' id='line_1_74' title="bbox 1022 3024 1810 3094; baseline 0.004 -20"><span class='ocrx_word' id='word_1_593' title='bbox 1022 3043 1031 3074; x_wconf 95' lang='grc' dir='ltr'>ι</span> <span class='ocrx_word' id='word_1_594' title='bbox 1055 3039 1115 3094; x_wconf 91' lang='lat' dir='ltr'>pus,</span> <span class='ocrx_word' id='word_1_595' title='bbox 1130 3025 1232 3088; x_wconf 91' lang='lat' dir='ltr'>nescio,</span> <span class='ocrx_word' id='word_1_596' title='bbox 1246 3025 1316 3079; x_wconf 87' lang='lat' dir='ltr'>Deus</span> <span class='ocrx_word' id='word_1_597' title='bbox 1331 3025 1391 3090; x_wconf 93' lang='lat' dir='ltr'>scit,</span> <span class='ocrx_word' id='word_1_598' title='bbox 1408 3032 1515 3094; x_wconf 91' lang='lat' dir='ltr'>raptum</span> <span class='ocrx_word' id='word_1_599' title='bbox 1531 3024 1682 3094; x_wconf 84' lang='lat' dir='ltr'>liujusarodi</span> <span class='ocrx_word' id='word_1_600' title='bbox 1695 3026 1720 3078; x_wconf 93' lang='lat' dir='ltr'>in</span> <span class='ocrx_word' id='word_1_601' title='bbox 1733 3042 1810 3094; x_wconf 87' lang='lat' dir='ltr'>para-</span> 
     </span>
     <span class='ocr_line' id='line_1_75' title="bbox 1022 3117 1810 3186; baseline 0.004 -18"><span class='ocrx_word' id='word_1_602' title='bbox 1022 3137 1032 3168; x_wconf 92' lang='grc' dir='ltr'>ι</span> <span class='ocrx_word' id='word_1_603' title='bbox 1055 3117 1155 3182; x_wconf 90' lang='lat' dir='ltr'>disum,</span> <span class='ocrx_word' id='word_1_604' title='bbox 1166 3126 1193 3170; x_wconf 91' lang='lat' dir='ltr'>ct</span> <span class='ocrx_word' id='word_1_605' title='bbox 1205 3117 1308 3171; x_wconf 74' lang='lat' dir='ltr'>audivit</span> <span class='ocrx_word' id='word_1_606' title='bbox 1319 3132 1417 3170; x_wconf 88' lang='lat' dir='ltr'>arcana</span> <span class='ocrx_word' id='word_1_607' title='bbox 1437 3117 1529 3182; x_wconf 86' lang='lat' dir='ltr'>rerba,</span> <span class='ocrx_word' id='word_1_608' title='bbox 1543 3133 1602 3186; x_wconf 79' lang='lat' dir='ltr'>quac</span> <span class='ocrx_word' id='word_1_609' title='bbox 1619 3134 1673 3171; x_wconf 91' lang='lat' dir='ltr'>nou</span> <span class='ocrx_word' id='word_1_610' title='bbox 1688 3117 1750 3173; x_wconf 89' lang='lat' dir='ltr'>licet</span> <span class='ocrx_word' id='word_1_611' title='bbox 1763 3120 1810 3172; x_wconf 91' lang='lat' dir='ltr'>bo·</span> 
     </span>
     <span class='ocr_line' id='line_1_76' title="bbox 1023 3207 1811 3282; baseline 0.001 -21"><span class='ocrx_word' id='word_1_612' title='bbox 1023 3230 1032 3261; x_wconf 93' lang='grc' dir='ltr'>ι</span> <span class='ocrx_word' id='word_1_613' title='bbox 1055 3211 1122 3265; x_wconf 91' lang='lat' dir='ltr'>mini</span> <span class='ocrx_word' id='word_1_614' title='bbox 1136 3209 1219 3280; x_wconf 92' lang='lat' dir='ltr'>loqui.</span> <span class='ocrx_word' id='word_1_615' title='bbox 1245 3208 1297 3264; x_wconf 81' lang='lat' dir='ltr'>Pro</span> <span class='ocrx_word' id='word_1_616' title='bbox 1311 3207 1464 3277; x_wconf 85' lang='lat' dir='ltr'>hujusmodi</span> <span class='ocrx_word' id='word_1_617' title='bbox 1480 3210 1625 3282; x_wconf 85' lang='lat' dir='ltr'>gloriabor,</span> <span class='ocrx_word' id='word_1_618' title='bbox 1645 3226 1694 3281; x_wconf 92' lang='lat' dir='ltr'>pro</span> <span class='ocrx_word' id='word_1_619' title='bbox 1708 3227 1750 3266; x_wconf 90' lang='lat' dir='ltr'>mc</span> <span class='ocrx_word' id='word_1_620' title='bbox 1763 3226 1811 3264; x_wconf 83' lang='lat' dir='ltr'>nir-</span> 
     </span>
     <span class='ocr_line' id='line_1_77' title="bbox 1023 3289 1806 3370; baseline 0.001 -20"><span class='ocrx_word' id='word_1_621' title='bbox 1023 3319 1032 3350; x_wconf 90' lang='grc' dir='ltr'>ι</span> <span class='ocrx_word' id='word_1_622' title='bbox 1055 3307 1110 3354; x_wconf 91' lang='lat' dir='ltr'>tem</span> <span class='ocrx_word' id='word_1_623' title='bbox 1135 3299 1200 3354; x_wconf 91' lang='lat' dir='ltr'>nibil</span> <span class='ocrx_word' id='word_1_624' title='bbox 1222 3299 1365 3370; x_wconf 84' lang='lat' dir='ltr'>gloriabor,</span> <span class='ocrx_word' id='word_1_625' title='bbox 1389 3300 1439 3353; x_wconf 91' lang='lat' dir='ltr'>nisi</span> <span class='ocrx_word' id='word_1_626' title='bbox 1453 3301 1479 3354; x_wconf 91' lang='lat' dir='ltr'>in</span> <span class='ocrx_word' id='word_1_627' title='bbox 1505 3289 1707 3355; x_wconf 79' lang='lat' dir='ltr'>infirmitatibus</span> <span class='ocrx_word' id='word_1_628' title='bbox 1729 3301 1806 3354; x_wconf 90' lang='lat' dir='ltr'>meis.</span> 
     </span>
     <span class='ocr_line' id='line_1_78' title="bbox 1023 3387 1811 3460; baseline 0.006 -22"><span class='ocrx_word' id='word_1_629' title='bbox 1023 3408 1032 3438; x_wconf 91' lang='grc' dir='ltr'>ι</span> <span class='ocrx_word' id='word_1_630' title='bbox 1056 3387 1122 3442; x_wconf 90' lang='lat' dir='ltr'>Nam</span> <span class='ocrx_word' id='word_1_631' title='bbox 1134 3389 1192 3443; x_wconf 89' lang='lat' dir='ltr'>etsi</span> <span class='ocrx_word' id='word_1_632' title='bbox 1208 3388 1319 3443; x_wconf 75' lang='lat' dir='ltr'>volucro</span> <span class='ocrx_word' id='word_1_633' title='bbox 1337 3388 1458 3459; x_wconf 84' lang='lat' dir='ltr'>gloriari,</span> <span class='ocrx_word' id='word_1_634' title='bbox 1474 3405 1525 3443; x_wconf 92' lang='lat' dir='ltr'>non</span> <span class='ocrx_word' id='word_1_635' title='bbox 1540 3404 1587 3442; x_wconf 92' lang='lat' dir='ltr'>ero</span> <span class='ocrx_word' id='word_1_636' title='bbox 1602 3389 1740 3460; x_wconf 87' lang='lat' dir='ltr'>insipieus.</span> <span class='ocrx_word' id='word_1_637' title='bbox 1763 3390 1811 3443; x_wconf 80' lang='lat' dir='ltr'>l&#39;e-</span> 
     </span>
     <span class='ocr_line' id='line_1_79' title="bbox 1023 3480 1809 3551; baseline 0 -17"><span class='ocrx_word' id='word_1_638' title='bbox 1023 3497 1032 3528; x_wconf 80' lang='lat' dir='ltr'>r</span> <span class='ocrx_word' id='word_1_639' title='bbox 1056 3480 1163 3534; x_wconf 89' lang='lat' dir='ltr'>ritatem</span> <span class='ocrx_word' id='word_1_640' title='bbox 1184 3481 1255 3534; x_wconf 90' lang='lat' dir='ltr'>enim</span> <span class='ocrx_word' id='word_1_641' title='bbox 1278 3480 1388 3534; x_wconf 90' lang='lat' dir='ltr'>dicam:</span> <span class='ocrx_word' id='word_1_642' title='bbox 1423 3496 1503 3551; x_wconf 92' lang='lat' dir='ltr'>parco</span> <span class='ocrx_word' id='word_1_643' title='bbox 1532 3489 1622 3534; x_wconf 89' lang='lat' dir='ltr'>autem</span> <span class='ocrx_word' id='word_1_644' title='bbox 1640 3496 1673 3534; x_wconf 90' lang='lat' dir='ltr'>nc</span> <span class='ocrx_word' id='word_1_645' title='bbox 1693 3482 1809 3550; x_wconf 81' lang='lat' dir='ltr'>quisine</span> 
     </span>
     <span class='ocr_line' id='line_1_80' title="bbox 1023 3569 1810 3639; baseline 0.009 -20"><span class='ocrx_word' id='word_1_646' title='bbox 1023 3589 1031 3619; x_wconf 89' lang='grc' dir='ltr'>ι</span> <span class='ocrx_word' id='word_1_647' title='bbox 1055 3569 1202 3633; x_wconf 82' lang='lat' dir='ltr'>existimet,</span> <span class='ocrx_word' id='word_1_648' title='bbox 1220 3585 1301 3638; x_wconf 89' lang='lat' dir='ltr'>supra</span> <span class='ocrx_word' id='word_1_649' title='bbox 1324 3569 1350 3624; x_wconf 94' lang='lat' dir='ltr'>id</span> <span class='ocrx_word' id='word_1_650' title='bbox 1375 3571 1447 3639; x_wconf 86' lang='lat' dir='ltr'>quod</span> <span class='ocrx_word' id='word_1_651' title='bbox 1466 3571 1540 3626; x_wconf 84' lang='lat' dir='ltr'>ridet</span> <span class='ocrx_word' id='word_1_652' title='bbox 1562 3572 1588 3625; x_wconf 93' lang='lat' dir='ltr'>in</span> <span class='ocrx_word' id='word_1_653' title='bbox 1604 3586 1656 3635; x_wconf 90' lang='lat' dir='ltr'>nrc,</span> <span class='ocrx_word' id='word_1_654' title='bbox 1677 3581 1723 3626; x_wconf 92' lang='lat' dir='ltr'>aut</span> <span class='ocrx_word' id='word_1_655' title='bbox 1736 3575 1810 3627; x_wconf 83' lang='lat' dir='ltr'>aurbt</span> 
     </span>
     <span class='ocr_line' id='line_1_81' title="bbox 1023 3648 1887 3730; baseline 0.009 -19"><span class='ocrx_word' id='word_1_656' title='bbox 1023 3681 1032 3711; x_wconf 91' lang='grc' dir='ltr'>ι</span> <span class='ocrx_word' id='word_1_657' title='bbox 1055 3648 1156 3730; x_wconf 88' lang='lat' dir='ltr'>aliquid</span> <span class='ocrx_word' id='word_1_658' title='bbox 1168 3676 1200 3715; x_wconf 80' lang='lat' dir='ltr'>cn</span> <span class='ocrx_word' id='word_1_659' title='bbox 1213 3677 1265 3716; x_wconf 90' lang='lat' dir='ltr'>mc.</span> <span class='ocrx_word' id='word_1_660' title='bbox 1289 3662 1320 3714; x_wconf 85' lang='lat' dir='ltr'>Et</span> <span class='ocrx_word' id='word_1_661' title='bbox 1337 3677 1370 3715; x_wconf 88' lang='lat' dir='ltr'>ne</span> <span class='ocrx_word' id='word_1_662' title='bbox 1386 3661 1542 3730; x_wconf 82' lang='lat' dir='ltr'>magnitudo</span> <span class='ocrx_word' id='word_1_663' title='bbox 1557 3663 1750 3718; x_wconf 74' lang='lat' dir='ltr'>revelationum</span> <span class='ocrx_word' id='word_1_664' title='bbox 1764 3681 1811 3718; x_wconf 79' lang='lat' dir='ltr'>ex·</span> <span class='ocrx_word' id='word_1_665' title='bbox 1881 3658 1887 3667; x_wconf 82' lang='lat'>&#39;</span> 
     </span>
     <span class='ocr_line' id='line_1_82' title="bbox 1023 3754 1809 3819; baseline 0.004 -15"><span class='ocrx_word' id='word_1_666' title='bbox 1023 3773 1031 3804; x_wconf 91' lang='grc' dir='ltr'>ι</span> <span class='ocrx_word' id='word_1_667' title='bbox 1055 3754 1131 3807; x_wconf 78' lang='lat' dir='ltr'>tollat</span> <span class='ocrx_word' id='word_1_668' title='bbox 1147 3768 1204 3819; x_wconf 83' lang='lat' dir='ltr'>ure,</span> <span class='ocrx_word' id='word_1_669' title='bbox 1226 3755 1306 3808; x_wconf 88' lang='lat' dir='ltr'>datus</span> <span class='ocrx_word' id='word_1_670' title='bbox 1320 3762 1362 3809; x_wconf 89' lang='lat' dir='ltr'>est</span> <span class='ocrx_word' id='word_1_671' title='bbox 1383 3754 1447 3808; x_wconf 89' lang='lat' dir='ltr'>milri</span> <span class='ocrx_word' id='word_1_672' title='bbox 1468 3755 1594 3810; x_wconf 89' lang='lat' dir='ltr'>stimulus</span> <span class='ocrx_word' id='word_1_673' title='bbox 1621 3755 1712 3809; x_wconf 87' lang='lat' dir='ltr'>caruis</span> <span class='ocrx_word' id='word_1_674' title='bbox 1734 3772 1809 3818; x_wconf 76' lang='lat' dir='ltr'>ruere,</span> 
     </span>
     <span class='ocr_line' id='line_1_83' title="bbox 1023 3847 1811 3920; baseline 0.001 -21"><span class='ocrx_word' id='word_1_675' title='bbox 1023 3867 1032 3899; x_wconf 93' lang='grc' dir='ltr'>ι</span> <span class='ocrx_word' id='word_1_676' title='bbox 1055 3850 1165 3920; x_wconf 81' lang='lat' dir='ltr'>augelus</span> <span class='ocrx_word' id='word_1_677' title='bbox 1183 3848 1290 3902; x_wconf 67' lang='lat' dir='ltr'>Satnnze</span> <span class='ocrx_word' id='word_1_678' title='bbox 1303 3847 1348 3916; x_wconf 88' lang='lat' dir='ltr'>qui</span> <span class='ocrx_word' id='word_1_679' title='bbox 1370 3863 1413 3901; x_wconf 88' lang='lat' dir='ltr'>rue</span> <span class='ocrx_word' id='word_1_680' title='bbox 1428 3848 1588 3918; x_wconf 83' lang='lat' dir='ltr'>colaphizet.</span> <span class='ocrx_word' id='word_1_681' title='bbox 1614 3848 1727 3918; x_wconf 82' lang='lat' dir='ltr'>l‘ropter</span> <span class='ocrx_word' id='word_1_682' title='bbox 1740 3850 1811 3917; x_wconf 88' lang='lat' dir='ltr'>quod</span> 
     </span>
     <span class='ocr_line' id='line_1_84' title="bbox 1023 3933 1812 4005; baseline 0.001 -17"><span class='ocrx_word' id='word_1_683' title='bbox 1023 3957 1032 3988; x_wconf 89' lang='grc' dir='ltr'>ι</span> <span class='ocrx_word' id='word_1_684' title='bbox 1056 3947 1096 3991; x_wconf 90' lang='lat' dir='ltr'>ter</span> <span class='ocrx_word' id='word_1_685' title='bbox 1107 3933 1247 3991; x_wconf 76' lang='lat' dir='ltr'>[lornmum</span> <span class='ocrx_word' id='word_1_686' title='bbox 1264 3936 1366 4005; x_wconf 82' lang='lat' dir='ltr'>rugari,</span> <span class='ocrx_word' id='word_1_687' title='bbox 1388 3937 1600 3990; x_wconf 83' lang='lat' dir='ltr'>uldisceder&#39;eta</span> <span class='ocrx_word' id='word_1_688' title='bbox 1619 3953 1671 3991; x_wconf 87' lang='lat' dir='ltr'>ure.</span> <span class='ocrx_word' id='word_1_689' title='bbox 1698 3937 1730 3990; x_wconf 83' lang='lat' dir='ltr'>Et</span> <span class='ocrx_word' id='word_1_690' title='bbox 1744 3937 1812 3990; x_wconf 70' lang='lat' dir='ltr'>dixit</span> 
     </span>
     <span class='ocr_line' id='line_1_85' title="bbox 1024 4024 1811 4093; baseline 0.006 -17"><span class='ocrx_word' id='word_1_691' title='bbox 1024 4044 1031 4076; x_wconf 96' lang='grc' dir='ltr'>ι</span> <span class='ocrx_word' id='word_1_692' title='bbox 1054 4026 1142 4080; x_wconf 89' lang='lat' dir='ltr'>milri:</span> <span class='ocrx_word' id='word_1_693' title='bbox 1173 4024 1280 4078; x_wconf 83' lang='lat' dir='ltr'>Subicit</span> <span class='ocrx_word' id='word_1_694' title='bbox 1307 4024 1354 4078; x_wconf 88' lang='lat' dir='ltr'>tibi</span> <span class='ocrx_word' id='word_1_695' title='bbox 1379 4025 1465 4093; x_wconf 85' lang='lat' dir='ltr'>gratia</span> <span class='ocrx_word' id='word_1_696' title='bbox 1491 4041 1559 4079; x_wconf 89' lang='lat' dir='ltr'>mea.</span> <span class='ocrx_word' id='word_1_697' title='bbox 1593 4024 1659 4077; x_wconf 90' lang='lat' dir='ltr'>Nam</span> <span class='ocrx_word' id='word_1_698' title='bbox 1680 4027 1765 4080; x_wconf 90' lang='lat' dir='ltr'>rirtus</span> <span class='ocrx_word' id='word_1_699' title='bbox 1786 4029 1811 4081; x_wconf 91' lang='lat' dir='ltr'>iu</span> 
     </span>
     <span class='ocr_line' id='line_1_86' title="bbox 1022 4112 1811 4185; baseline 0.005 -18"><span class='ocrx_word' id='word_1_700' title='bbox 1022 4137 1031 4167; x_wconf 91' lang='grc' dir='ltr'>ι</span> <span class='ocrx_word' id='word_1_701' title='bbox 1056 4116 1212 4171; x_wconf 78' lang='lat' dir='ltr'>&#39;errbrmitate</span> <span class='ocrx_word' id='word_1_702' title='bbox 1229 4113 1378 4184; x_wconf 79' lang='lat' dir='ltr'>perficitur.</span> <span class='ocrx_word' id='word_1_703' title='bbox 1407 4112 1534 4168; x_wconf 84' lang='lat' dir='ltr'>Libenter</span> <span class='ocrx_word' id='word_1_704' title='bbox 1544 4115 1625 4185; x_wconf 80' lang='lat' dir='ltr'>igitur</span> <span class='ocrx_word' id='word_1_705' title='bbox 1637 4114 1773 4183; x_wconf 81' lang='lat' dir='ltr'>gloriabor</span> <span class='ocrx_word' id='word_1_706' title='bbox 1786 4119 1811 4171; x_wconf 91' lang='lat' dir='ltr'>in</span> 
     </span>
     <span class='ocr_line' id='line_1_87' title="bbox 1023 4207 1813 4273; baseline -0.001 -10"><span class='ocrx_word' id='word_1_707' title='bbox 1023 4231 1031 4263; x_wconf 94' lang='grc' dir='ltr'>ι</span> <span class='ocrx_word' id='word_1_708' title='bbox 1055 4210 1258 4265; x_wconf 81' lang='lat' dir='ltr'>infirmitatibus</span> <span class='ocrx_word' id='word_1_709' title='bbox 1289 4209 1374 4273; x_wconf 89' lang='lat' dir='ltr'>rucis,</span> <span class='ocrx_word' id='word_1_710' title='bbox 1402 4216 1430 4261; x_wconf 91' lang='lat' dir='ltr'>ut</span> <span class='ocrx_word' id='word_1_711' title='bbox 1455 4207 1588 4262; x_wconf 89' lang='lat' dir='ltr'>inlrabitet</span> <span class='ocrx_word' id='word_1_712' title='bbox 1614 4208 1640 4261; x_wconf 91' lang='lat' dir='ltr'>iu</span> <span class='ocrx_word' id='word_1_713' title='bbox 1661 4223 1703 4260; x_wconf 91' lang='lat' dir='ltr'>me</span> <span class='ocrx_word' id='word_1_714' title='bbox 1727 4208 1813 4262; x_wconf 84' lang='lat' dir='ltr'>riuus</span> 
     </span>
     <span class='ocr_line' id='line_1_88' title="bbox 1023 4299 1196 4355; baseline 0 -3"><span class='ocrx_word' id='word_1_715' title='bbox 1023 4321 1032 4352; x_wconf 90' lang='grc' dir='ltr'>ι</span> <span class='ocrx_word' id='word_1_716' title='bbox 1053 4299 1164 4355; x_wconf 83' lang='lat' dir='ltr'>Clrr&#39;tsli.</span> <span class='ocrx_word' id='word_1_717' title='bbox 1188 4321 1196 4351; x_wconf 82' lang='grc' dir='ltr'>ι</span> 
     </span>
    </p>
   </div>
   <div class='ocr_carea' id='block_1_9' title="bbox 182 4354 1811 4644">
    <p class='ocr_par' dir='ltr' id='par_1_10' title="bbox 182 4354 1811 4644">
     <span class='ocr_line' id='line_1_89' title="bbox 182 4354 1811 4460; baseline -0.003 -15"><span class='ocrx_word' id='word_1_718' title='bbox 182 4387 663 4460; x_wconf 85' lang='lat' dir='ltr'>etquodErangcliumdieit,multi</span> <span class='ocrx_word' id='word_1_719' title='bbox 681 4391 779 4444; x_wconf 89' lang='lat' dir='ltr'>rocati.</span> <span class='ocrx_word' id='word_1_720' title='bbox 817 4389 871 4443; x_wconf 84' lang='lat' dir='ltr'>lloc</span> <span class='ocrx_word' id='word_1_721' title='bbox 900 4354 1007 4456; x_wconf 72' lang='lat' dir='ltr'>‚tan</span> <span class='ocrx_word' id='word_1_722' title='bbox 1055 4390 1252 4444; x_wconf 81' lang='lat' dir='ltr'>liberrtereuinr</span> <span class='ocrx_word' id='word_1_723' title='bbox 1265 4391 1380 4458; x_wconf 68' lang='lat' dir='ltr'>sulfuris</span> <span class='ocrx_word' id='word_1_724' title='bbox 1392 4390 1551 4460; x_wconf 81' lang='lat' dir='ltr'>insipientes,</span> <span class='ocrx_word' id='word_1_725' title='bbox 1567 4407 1624 4443; x_wconf 84' lang='lat' dir='ltr'>cnm</span> <span class='ocrx_word' id='word_1_726' title='bbox 1637 4391 1692 4442; x_wconf 78' lang='lat' dir='ltr'>sitis</span> <span class='ocrx_word' id='word_1_727' title='bbox 1706 4391 1754 4458; x_wconf 74' lang='lat' dir='ltr'>ipsi</span> <span class='ocrx_word' id='word_1_728' title='bbox 1768 4408 1811 4441; x_wconf 80' lang='grc' dir='ltr'>ιιι-</span> 
     </span>
     <span class='ocr_line' id='line_1_90' title="bbox 183 4479 1811 4551; baseline -0.002 -15"><span class='ocrx_word' id='word_1_729' title='bbox 183 4484 270 4538; x_wconf 90' lang='lat' dir='ltr'>stolus</span> <span class='ocrx_word' id='word_1_730' title='bbox 293 4483 350 4536; x_wconf 86' lang='lat' dir='ltr'>ait:</span> <span class='ocrx_word' id='word_1_731' title='bbox 387 4479 482 4535; x_wconf 80' lang='lat' dir='ltr'>Omnes</span> <span class='ocrx_word' id='word_1_732' title='bbox 505 4480 609 4550; x_wconf 82' lang='lat' dir='ltr'>quidem</span> <span class='ocrx_word' id='word_1_733' title='bbox 630 4491 758 4544; x_wconf 77' lang='lat' dir='ltr'>curritur,</span> <span class='ocrx_word' id='word_1_734' title='bbox 792 4487 819 4532; x_wconf 90' lang='lat' dir='ltr'>et</span> <span class='ocrx_word' id='word_1_735' title='bbox 848 4480 919 4549; x_wconf 91' lang='lat' dir='ltr'>quod</span> <span class='ocrx_word' id='word_1_736' title='bbox 941 4480 968 4532; x_wconf 93' lang='lat' dir='ltr'>iu</span> <span class='ocrx_word' id='word_1_737' title='bbox 1019 4481 1253 4551; x_wconf 83' lang='lat' dir='ltr'>pierrtea.llocest</span> <span class='ocrx_word' id='word_1_738' title='bbox 1274 4480 1375 4543; x_wconf 77' lang='lat' dir='ltr'>elicere,</span> <span class='ocrx_word' id='word_1_739' title='bbox 1398 4480 1482 4533; x_wconf 89' lang='lat' dir='ltr'>miror</span> <span class='ocrx_word' id='word_1_740' title='bbox 1507 4482 1719 4548; x_wconf 82' lang='lat' dir='ltr'>cuursapieutes</span> <span class='ocrx_word' id='word_1_741' title='bbox 1741 4481 1811 4543; x_wconf 84' lang='lat' dir='ltr'>sitis,</span> 
     </span>
     <span class='ocr_line' id='line_1_91' title="bbox 184 4568 1811 4644; baseline -0.004 -16"><span class='ocrx_word' id='word_1_742' title='bbox 184 4573 328 4644; x_wconf 83' lang='lat' dir='ltr'>Erarrgolio</span> <span class='ocrx_word' id='word_1_743' title='bbox 342 4573 420 4642; x_wconf 81' lang='lat' dir='ltr'>pauci</span> <span class='ocrx_word' id='word_1_744' title='bbox 440 4571 537 4635; x_wconf 91' lang='lat' dir='ltr'>electi,</span> <span class='ocrx_word' id='word_1_745' title='bbox 556 4571 606 4626; x_wconf 91' lang='lat' dir='ltr'>hos</span> <span class='ocrx_word' id='word_1_746' title='bbox 617 4571 760 4639; x_wconf 81' lang='lat' dir='ltr'>Apostolus</span> <span class='ocrx_word' id='word_1_747' title='bbox 773 4572 846 4634; x_wconf 87' lang='lat' dir='ltr'>dicit,</span> <span class='ocrx_word' id='word_1_748' title='bbox 861 4580 970 4639; x_wconf 89' lang='lat' dir='ltr'>propter</span> <span class='ocrx_word' id='word_1_749' title='bbox 993 4604 1000 4613; x_wconf 92' lang='lat'>·</span> <span class='ocrx_word' id='word_1_750' title='bbox 1022 4581 1076 4624; x_wconf 91' lang='lat' dir='ltr'>tarn</span> <span class='ocrx_word' id='word_1_751' title='bbox 1092 4569 1169 4624; x_wconf 86' lang='lat' dir='ltr'>sarile</span> <span class='ocrx_word' id='word_1_752' title='bbox 1182 4568 1368 4638; x_wconf 84' lang='lat' dir='ltr'>insipientibus</span> <span class='ocrx_word' id='word_1_753' title='bbox 1382 4569 1562 4632; x_wconf 81' lang='lat' dir='ltr'>consensisse,</span> <span class='ocrx_word' id='word_1_754' title='bbox 1577 4569 1636 4621; x_wconf 81' lang='lat' dir='ltr'>etsi</span> <span class='ocrx_word' id='word_1_755' title='bbox 1654 4569 1712 4621; x_wconf 85' lang='lat' dir='ltr'>illns</span> <span class='ocrx_word' id='word_1_756' title='bbox 1729 4586 1811 4637; x_wconf 71' lang='lat' dir='ltr'>prata</span> 
     </span>
    </p>
   </div>
   <div class='ocr_carea' id='block_1_10' title="bbox 184 4657 948 4732">
    <p class='ocr_par' dir='ltr' id='par_1_11' title="bbox 184 4657 948 4732">
     <span class='ocr_line' id='line_1_92' title="bbox 184 4657 948 4732; baseline -0.009 -13"><span class='ocrx_word' id='word_1_757' title='bbox 184 4665 316 4721; x_wconf 79' lang='lat' dir='ltr'>unitatem</span> <span class='ocrx_word' id='word_1_758' title='bbox 335 4663 455 4732; x_wconf 87' lang='lat' dir='ltr'>corporis</span> <span class='ocrx_word' id='word_1_759' title='bbox 477 4660 577 4715; x_wconf 88' lang='lat' dir='ltr'>Clrristi</span> <span class='ocrx_word' id='word_1_760' title='bbox 604 4676 672 4714; x_wconf 89' lang='lat' dir='ltr'>uuus</span> <span class='ocrx_word' id='word_1_761' title='bbox 697 4661 794 4729; x_wconf 89' lang='lat' dir='ltr'>accipit</span> <span class='ocrx_word' id='word_1_762' title='bbox 815 4657 948 4714; x_wconf 75' lang='lat' dir='ltr'>bravium.</span> 
     </span>
    </p>
   </div>
   <div class='ocr_carea' id='block_1_11' title="bbox 293 4768 809 4834">
    <p class='ocr_par' dir='ltr' id='par_1_12' title="bbox 293 4768 809 4834">
     <span class='ocr_line' id='line_1_93' title="bbox 293 4768 809 4834; baseline -0.025 0"><span class='ocrx_word' id='word_1_763' title='bbox 293 4824 298 4834; x_wconf 94' lang='lat'>.</span> <span class='ocrx_word' id='word_1_764' title='bbox 333 4770 507 4828; x_wconf 81' lang='lat' dir='ltr'>bolttbtcb</span> <span class='ocrx_word' id='word_1_765' title='bbox 528 4770 562 4825; x_wconf 78' lang='lat' dir='ltr'>tu</span> <span class='ocrx_word' id='word_1_766' title='bbox 580 4768 809 4825; x_wconf 75' lang='lat' dir='ltr'>sexnuusrun.</span> 
     </span>
    </p>
   </div>
   <div class='ocr_carea' id='block_1_12' title="bbox 203 4878 950 5000">
    <p class='ocr_par' dir='ltr' id='par_1_13' title="bbox 203 4878 950 5000">
     <span class='ocr_line' id='line_1_94' title="bbox 203 4878 950 4924; baseline -0.009 -2"><span class='ocrx_word' id='word_1_767' title='bbox 203 4883 298 4924; x_wconf 71' lang='lat' dir='ltr'>uberto</span> <span class='ocrx_word' id='word_1_768' title='bbox 314 4883 449 4923; x_wconf 57' lang='lat' dir='ltr'>beteroth:</span> <span class='ocrx_word' id='word_1_769' title='bbox 469 4881 547 4922; x_wconf 70' lang='lat' dir='ltr'>85le</span> <span class='ocrx_word' id='word_1_770' title='bbox 567 4879 643 4919; x_wconf 74' lang='lat' dir='ltr'>cauta</span> <span class='ocrx_word' id='word_1_771' title='bbox 663 4879 789 4918; x_wconf 76' lang='lat' dir='ltr'>arosrott</span> <span class='ocrx_word' id='word_1_772' title='bbox 809 4879 842 4917; x_wconf 76' lang='grc' dir='ltr'>ΔΙ)</span> <span class='ocrx_word' id='word_1_773' title='bbox 860 4878 950 4918; x_wconf 67' lang='lat' dir='ltr'>coutu-</span> 
     </span>
     <span class='ocr_line' id='line_1_95' title="bbox 451 4949 716 5000; baseline -0.019 -10"><span class='ocrx_word' id='word_1_774' title='bbox 451 4952 528 4990; x_wconf 74' lang='lat' dir='ltr'>Tritos</span> <span class='ocrx_word' id='word_1_775' title='bbox 556 4951 585 5000; x_wconf 86' lang='lat' dir='ltr'>lt,</span> <span class='ocrx_word' id='word_1_776' title='bbox 605 4950 663 4988; x_wconf 72' lang='lat' dir='ltr'><strong>CAP.</strong></span> <span class='ocrx_word' id='word_1_777' title='bbox 679 4949 716 4986; x_wconf 81' lang='lat' dir='ltr'>xt.</span> 
     </span>
    </p>
   </div>
   <div class='ocr_carea' id='block_1_13' title="bbox 188 5021 971 5648">
    <p class='ocr_par' dir='ltr' id='par_1_14' title="bbox 188 5021 971 5648">
     <span class='ocr_line' id='line_1_96' title="bbox 223 5021 971 5093; baseline -0.003 -15"><span class='ocrx_word' id='word_1_778' title='bbox 223 5047 232 5078; x_wconf 94' lang='grc' dir='ltr'>ι</span> <span class='ocrx_word' id='word_1_779' title='bbox 254 5027 382 5082; x_wconf 88' lang='lat' dir='ltr'>Libenter</span> <span class='ocrx_word' id='word_1_780' title='bbox 401 5025 519 5081; x_wconf 84' lang='lat' dir='ltr'>sollertis</span> <span class='ocrx_word' id='word_1_781' title='bbox 540 5024 706 5093; x_wconf 89' lang='lat' dir='ltr'>insipientes,</span> <span class='ocrx_word' id='word_1_782' title='bbox 725 5038 785 5076; x_wconf 87' lang='lat' dir='ltr'>crrnr</span> <span class='ocrx_word' id='word_1_783' title='bbox 798 5021 857 5076; x_wconf 90' lang='lat' dir='ltr'>sitis</span> <span class='ocrx_word' id='word_1_784' title='bbox 870 5023 918 5090; x_wconf 91' lang='lat' dir='ltr'>ipsi</span> <span class='ocrx_word' id='word_1_785' title='bbox 931 5039 971 5076; x_wconf 81' lang='lat' dir='ltr'>sa-</span> 
     </span>
     <span class='ocr_line' id='line_1_97' title="bbox 188 5115 968 5190; baseline -0.004 -19"><span class='ocrx_word' id='word_1_786' title='bbox 188 5140 197 5171; x_wconf 94' lang='grc' dir='ltr'>ι</span> <span class='ocrx_word' id='word_1_787' title='bbox 217 5122 331 5190; x_wconf 88' lang='lat' dir='ltr'>pientes.</span> <span class='ocrx_word' id='word_1_788' title='bbox 355 5118 501 5174; x_wconf 89' lang='lat' dir='ltr'>Sustinetis</span> <span class='ocrx_word' id='word_1_789' title='bbox 516 5117 587 5171; x_wconf 89' lang='lat' dir='ltr'>eninr</span> <span class='ocrx_word' id='word_1_790' title='bbox 602 5117 624 5170; x_wconf 92' lang='lat' dir='ltr'>si</span> <span class='ocrx_word' id='word_1_791' title='bbox 635 5115 697 5185; x_wconf 90' lang='lat' dir='ltr'>quis</span> <span class='ocrx_word' id='word_1_792' title='bbox 710 5130 757 5169; x_wconf 91' lang='lat' dir='ltr'>ros</span> <span class='ocrx_word' id='word_1_793' title='bbox 772 5116 797 5168; x_wconf 93' lang='lat' dir='ltr'>iu</span> <span class='ocrx_word' id='word_1_794' title='bbox 810 5115 968 5169; x_wconf 71' lang='lat' dir='ltr'>servitutem</span> 
     </span>
     <span class='ocr_line' id='line_1_98' title="bbox 188 5205 970 5283; baseline -0.006 -20"><span class='ocrx_word' id='word_1_795' title='bbox 188 5234 196 5263; x_wconf 92' lang='grc' dir='ltr'>ι</span> <span class='ocrx_word' id='word_1_796' title='bbox 219 5213 324 5283; x_wconf 88' lang='lat' dir='ltr'>redigit,</span> <span class='ocrx_word' id='word_1_797' title='bbox 343 5212 365 5266; x_wconf 93' lang='lat' dir='ltr'>si</span> <span class='ocrx_word' id='word_1_798' title='bbox 381 5211 441 5280; x_wconf 87' lang='lat' dir='ltr'>quis</span> <span class='ocrx_word' id='word_1_799' title='bbox 452 5211 571 5273; x_wconf 77' lang='lat' dir='ltr'>devorat,</span> <span class='ocrx_word' id='word_1_800' title='bbox 589 5208 611 5262; x_wconf 92' lang='lat' dir='ltr'>si</span> <span class='ocrx_word' id='word_1_801' title='bbox 622 5207 683 5276; x_wconf 90' lang='lat' dir='ltr'>quis</span> <span class='ocrx_word' id='word_1_802' title='bbox 699 5207 807 5275; x_wconf 86' lang='lat' dir='ltr'>accipit,</span> <span class='ocrx_word' id='word_1_803' title='bbox 822 5205 842 5259; x_wconf 89' lang='lat' dir='ltr'>si</span> <span class='ocrx_word' id='word_1_804' title='bbox 856 5207 916 5273; x_wconf 77' lang='lat' dir='ltr'>quis</span> <span class='ocrx_word' id='word_1_805' title='bbox 928 5222 970 5258; x_wconf 82' lang='lat' dir='ltr'>cr-</span> 
     </span>
     <span class='ocr_line' id='line_1_99' title="bbox 189 5297 969 5371; baseline -0.006 -17"><span class='ocrx_word' id='word_1_806' title='bbox 189 5325 198 5354; x_wconf 89' lang='grc' dir='ltr'>ι</span> <span class='ocrx_word' id='word_1_807' title='bbox 222 5304 334 5368; x_wconf 83' lang='grc' dir='ltr'>ιοΙΙίῑιιι,</span> <span class='ocrx_word' id='word_1_808' title='bbox 354 5303 452 5371; x_wconf 93' lang='lat' dir='ltr'>siquis</span> <span class='ocrx_word' id='word_1_809' title='bbox 475 5303 502 5356; x_wconf 91' lang='lat' dir='ltr'>iu</span> <span class='ocrx_word' id='word_1_810' title='bbox 518 5300 614 5357; x_wconf 80' lang='lat' dir='ltr'>taciem</span> <span class='ocrx_word' id='word_1_811' title='bbox 627 5315 675 5354; x_wconf 88' lang='lat' dir='ltr'>ros</span> <span class='ocrx_word' id='word_1_812' title='bbox 699 5300 787 5354; x_wconf 80' lang='lat' dir='ltr'>coedit.</span> <span class='ocrx_word' id='word_1_813' title='bbox 816 5297 969 5352; x_wconf 84' lang='lat' dir='ltr'>Secrrmluar</span> 
     </span>
     <span class='ocr_line' id='line_1_100' title="bbox 190 5389 969 5467; baseline -0.01 -16"><span class='ocrx_word' id='word_1_814' title='bbox 190 5419 197 5444; x_wconf 78' lang='grc' dir='ltr'>ι</span> <span class='ocrx_word' id='word_1_815' title='bbox 224 5394 414 5467; x_wconf 88' lang='lat' dir='ltr'>ignobilitatem</span> <span class='ocrx_word' id='word_1_816' title='bbox 426 5394 499 5458; x_wconf 92' lang='lat' dir='ltr'>dico,</span> <span class='ocrx_word' id='word_1_817' title='bbox 523 5393 600 5462; x_wconf 94' lang='lat' dir='ltr'>quasi</span> <span class='ocrx_word' id='word_1_818' title='bbox 618 5408 667 5447; x_wconf 87' lang='lat' dir='ltr'>nos</span> <span class='ocrx_word' id='word_1_819' title='bbox 679 5391 777 5445; x_wconf 84' lang='lat' dir='ltr'>insrrrui</span> <span class='ocrx_word' id='word_1_820' title='bbox 790 5389 919 5445; x_wconf 88' lang='lat' dir='ltr'>lueriums</span> <span class='ocrx_word' id='word_1_821' title='bbox 943 5391 969 5444; x_wconf 93' lang='lat' dir='ltr'>iu</span> 
     </span>
     <span class='ocr_line' id='line_1_101' title="bbox 189 5482 968 5557; baseline -0.005 -18"><span class='ocrx_word' id='word_1_822' title='bbox 189 5508 198 5539; x_wconf 94' lang='grc' dir='ltr'>ι</span> <span class='ocrx_word' id='word_1_823' title='bbox 221 5489 271 5543; x_wconf 90' lang='lat' dir='ltr'>bac</span> <span class='ocrx_word' id='word_1_824' title='bbox 287 5495 374 5557; x_wconf 89' lang='lat' dir='ltr'>parte,</span> <span class='ocrx_word' id='word_1_825' title='bbox 393 5487 420 5540; x_wconf 92' lang='lat' dir='ltr'>iu</span> <span class='ocrx_word' id='word_1_826' title='bbox 437 5500 489 5554; x_wconf 93' lang='lat' dir='ltr'>quo</span> <span class='ocrx_word' id='word_1_827' title='bbox 502 5485 563 5554; x_wconf 91' lang='lat' dir='ltr'>quis</span> <span class='ocrx_word' id='word_1_828' title='bbox 575 5484 664 5538; x_wconf 87' lang='lat' dir='ltr'>audet.</span> <span class='ocrx_word' id='word_1_829' title='bbox 692 5482 719 5535; x_wconf 94' lang='lat' dir='ltr'>ln</span> <span class='ocrx_word' id='word_1_830' title='bbox 732 5483 885 5551; x_wconf 86' lang='lat' dir='ltr'>insipientia</span> <span class='ocrx_word' id='word_1_831' title='bbox 899 5482 968 5545; x_wconf 84' lang='lat' dir='ltr'>dieo,</span> 
     </span>
     <span class='ocr_line' id='line_1_102' title="bbox 192 5571 969 5648; baseline -0.015 -16"><span class='ocrx_word' id='word_1_832' title='bbox 192 5595 199 5627; x_wconf 86' lang='grc' dir='ltr'>ι</span> <span class='ocrx_word' id='word_1_833' title='bbox 222 5579 307 5634; x_wconf 86' lang='lat' dir='ltr'>audeo</span> <span class='ocrx_word' id='word_1_834' title='bbox 317 5587 344 5634; x_wconf 90' lang='lat' dir='ltr'>et</span> <span class='ocrx_word' id='word_1_835' title='bbox 357 5592 406 5648; x_wconf 87' lang='lat' dir='ltr'>ego</span> <span class='ocrx_word' id='word_1_836' title='bbox 419 5595 424 5631; x_wconf 93' lang='lat'><strong>:</strong></span> <span class='ocrx_word' id='word_1_837' title='bbox 438 5573 543 5631; x_wconf 83' lang='lat' dir='ltr'>llebraei</span> <span class='ocrx_word' id='word_1_838' title='bbox 557 5579 662 5640; x_wconf 65' lang='lat' dir='ltr'>sunuel</span> <span class='ocrx_word' id='word_1_839' title='bbox 677 5586 726 5643; x_wconf 81' lang='lat' dir='ltr'>ego</span> <span class='ocrx_word' id='word_1_840' title='bbox 740 5587 746 5624; x_wconf 93' lang='lat'>:</span> <span class='ocrx_word' id='word_1_841' title='bbox 762 5571 888 5626; x_wconf 74' lang='lat' dir='ltr'>israelite</span> <span class='ocrx_word' id='word_1_842' title='bbox 898 5579 969 5634; x_wconf 81' lang='lat' dir='ltr'>siml,</span> 
     </span>
    </p>
   </div>
   <div class='ocr_carea' id='block_1_14' title="bbox 1020 4657 1812 5642">
    <p class='ocr_par' dir='ltr' id='par_1_15' title="bbox 1020 4657 1812 5000">
     <span class='ocr_line' id='line_1_103' title="bbox 1020 4657 1811 4731; baseline -0.003 -17"><span class='ocrx_word' id='word_1_843' title='bbox 1020 4661 1199 4731; x_wconf 66' lang='lat' dir='ltr'>predicantes</span> <span class='ocrx_word' id='word_1_844' title='bbox 1215 4659 1330 4712; x_wconf 58' lang='lat' dir='ltr'>libenter</span> <span class='ocrx_word' id='word_1_845' title='bbox 1343 4658 1464 4721; x_wconf 76' lang='lat' dir='ltr'>arbustis,</span> <span class='ocrx_word' id='word_1_846' title='bbox 1474 4658 1597 4710; x_wconf 90' lang='lat' dir='ltr'>rnentilia</span> <span class='ocrx_word' id='word_1_847' title='bbox 1613 4657 1688 4710; x_wconf 82' lang='lat' dir='ltr'>rolris</span> <span class='ocrx_word' id='word_1_848' title='bbox 1701 4658 1811 4728; x_wconf 86' lang='lat' dir='ltr'>loquea-</span> 
     </span>
     <span class='ocr_line' id='line_1_104' title="bbox 1022 4748 1812 4819; baseline -0.001 -16"><span class='ocrx_word' id='word_1_849' title='bbox 1022 4761 1076 4804; x_wconf 87' lang='lat' dir='ltr'>tear</span> <span class='ocrx_word' id='word_1_850' title='bbox 1093 4750 1177 4803; x_wconf 90' lang='lat' dir='ltr'>uurlto</span> <span class='ocrx_word' id='word_1_851' title='bbox 1191 4749 1276 4819; x_wconf 87' lang='lat' dir='ltr'>magis</span> <span class='ocrx_word' id='word_1_852' title='bbox 1291 4749 1384 4802; x_wconf 88' lang='lat' dir='ltr'>audire</span> <span class='ocrx_word' id='word_1_853' title='bbox 1399 4749 1512 4811; x_wconf 74' lang='lat' dir='ltr'>delectis,</span> <span class='ocrx_word' id='word_1_854' title='bbox 1527 4748 1600 4801; x_wconf 87' lang='lat' dir='ltr'>breri</span> <span class='ocrx_word' id='word_1_855' title='bbox 1623 4750 1812 4818; x_wconf 79' lang='lat' dir='ltr'>reprehensio-</span> 
     </span>
     <span class='ocr_line' id='line_1_105' title="bbox 1021 4839 1812 4910; baseline 0.003 -18"><span class='ocrx_word' id='word_1_856' title='bbox 1021 4857 1054 4893; x_wconf 88' lang='lat' dir='ltr'>ne</span> <span class='ocrx_word' id='word_1_857' title='bbox 1078 4840 1244 4910; x_wconf 82' lang='lat' dir='ltr'>perstringit,</span> <span class='ocrx_word' id='word_1_858' title='bbox 1271 4839 1404 4909; x_wconf 90' lang='lat' dir='ltr'>quomodo</span> <span class='ocrx_word' id='word_1_859' title='bbox 1430 4840 1560 4908; x_wconf 86' lang='lat' dir='ltr'>imperitis</span> <span class='ocrx_word' id='word_1_860' title='bbox 1587 4840 1741 4894; x_wconf 86' lang='lat' dir='ltr'>doctoribus</span> <span class='ocrx_word' id='word_1_861' title='bbox 1767 4857 1812 4894; x_wconf 91' lang='lat' dir='ltr'>ae-</span> 
     </span>
     <span class='ocr_line' id='line_1_106' title="bbox 1020 4932 1294 5000; baseline 0.007 -18"><span class='ocrx_word' id='word_1_862' title='bbox 1020 4933 1160 5000; x_wconf 84' lang='lat' dir='ltr'>quiescunt</span> <span class='ocrx_word' id='word_1_863' title='bbox 1172 4932 1294 4984; x_wconf 85' lang='lat' dir='ltr'>diceudo.</span> 
     </span>
    </p>

    <p class='ocr_par' dir='ltr' id='par_1_16' title="bbox 1020 5021 1812 5442">
     <span class='ocr_line' id='line_1_107' title="bbox 1057 5021 1809 5092; baseline -0.004 -16"><span class='ocrx_word' id='word_1_864' title='bbox 1057 5021 1219 5076; x_wconf 81' lang='lat' dir='ltr'>Sustinentcs</span> <span class='ocrx_word' id='word_1_865' title='bbox 1232 5025 1312 5086; x_wconf 85' lang='lat' dir='ltr'>enirn,</span> <span class='ocrx_word' id='word_1_866' title='bbox 1329 5024 1351 5076; x_wconf 87' lang='lat' dir='ltr'>si</span> <span class='ocrx_word' id='word_1_867' title='bbox 1366 5023 1422 5092; x_wconf 86' lang='lat' dir='ltr'>quis</span> <span class='ocrx_word' id='word_1_868' title='bbox 1442 5040 1483 5077; x_wconf 79' lang='lat' dir='ltr'>uos</span> <span class='ocrx_word' id='word_1_869' title='bbox 1508 5024 1535 5076; x_wconf 87' lang='lat' dir='ltr'>r&#39;u</span> <span class='ocrx_word' id='word_1_870' title='bbox 1546 5033 1692 5076; x_wconf 79' lang='lat' dir='ltr'>scrmmtem</span> <span class='ocrx_word' id='word_1_871' title='bbox 1707 5022 1809 5090; x_wconf 67' lang='lat' dir='ltr'>ridiqit.</span> 
     </span>
     <span class='ocr_line' id='line_1_108' title="bbox 1020 5112 1809 5183; baseline -0.006 -15"><span class='ocrx_word' id='word_1_872' title='bbox 1020 5114 1047 5169; x_wconf 89' lang='lat' dir='ltr'>ld</span> <span class='ocrx_word' id='word_1_873' title='bbox 1072 5125 1112 5167; x_wconf 79' lang='lat' dir='ltr'>ee</span> <span class='ocrx_word' id='word_1_874' title='bbox 1129 5155 1136 5176; x_wconf 93' lang='lat'>,</span> <span class='ocrx_word' id='word_1_875' title='bbox 1152 5112 1211 5167; x_wconf 86' lang='lat' dir='ltr'>illos</span> <span class='ocrx_word' id='word_1_876' title='bbox 1233 5115 1331 5168; x_wconf 78' lang='lat' dir='ltr'>auditis</span> <span class='ocrx_word' id='word_1_877' title='bbox 1349 5122 1377 5167; x_wconf 90' lang='lat' dir='ltr'>ct</span> <span class='ocrx_word' id='word_1_878' title='bbox 1400 5114 1453 5168; x_wconf 93' lang='lat' dir='ltr'>illis</span> <span class='ocrx_word' id='word_1_879' title='bbox 1473 5115 1599 5183; x_wconf 67' lang='lat' dir='ltr'>praebetis</span> <span class='ocrx_word' id='word_1_880' title='bbox 1620 5113 1809 5172; x_wconf 86' lang='lat' dir='ltr'>obedientiam,</span> 
     </span>
     <span class='ocr_line' id='line_1_109' title="bbox 1021 5203 1812 5273; baseline -0.004 -16"><span class='ocrx_word' id='word_1_881' title='bbox 1021 5205 1064 5273; x_wconf 91' lang='lat' dir='ltr'>qui</span> <span class='ocrx_word' id='word_1_882' title='bbox 1080 5220 1126 5256; x_wconf 85' lang='lat' dir='ltr'>ros</span> <span class='ocrx_word' id='word_1_883' title='bbox 1143 5205 1209 5273; x_wconf 83' lang='lat' dir='ltr'>legis</span> <span class='ocrx_word' id='word_1_884' title='bbox 1224 5203 1316 5256; x_wconf 87' lang='lat' dir='ltr'>rolant</span> <span class='ocrx_word' id='word_1_885' title='bbox 1331 5205 1445 5258; x_wconf 89' lang='lat' dir='ltr'>subdere</span> <span class='ocrx_word' id='word_1_886' title='bbox 1467 5205 1600 5268; x_wconf 75' lang='lat' dir='ltr'>seruituti,</span> <span class='ocrx_word' id='word_1_887' title='bbox 1622 5203 1661 5256; x_wconf 89' lang='lat' dir='ltr'>rel</span> <span class='ocrx_word' id='word_1_888' title='bbox 1680 5203 1812 5271; x_wconf 71' lang='lat' dir='ltr'>superbie</span> 
     </span>
     <span class='ocr_line' id='line_1_110' title="bbox 1021 5292 1812 5363; baseline -0.011 -13"><span class='ocrx_word' id='word_1_889' title='bbox 1021 5296 1203 5355; x_wconf 70' lang='lat' dir='ltr'>strceuiotmu,</span> <span class='ocrx_word' id='word_1_890' title='bbox 1224 5295 1269 5361; x_wconf 82' lang='lat' dir='ltr'>qm</span> <span class='ocrx_word' id='word_1_891' title='bbox 1292 5294 1317 5346; x_wconf 92' lang='lat' dir='ltr'>iu</span> <span class='ocrx_word' id='word_1_892' title='bbox 1345 5294 1442 5363; x_wconf 85' lang='lat' dir='ltr'>populo</span> <span class='ocrx_word' id='word_1_893' title='bbox 1469 5294 1621 5348; x_wconf 74' lang='lat' dir='ltr'>lmlaeoruur</span> <span class='ocrx_word' id='word_1_894' title='bbox 1653 5292 1812 5346; x_wconf 77' lang='lat' dir='ltr'>ridebantur</span> 
     </span>
     <span class='ocr_line' id='line_1_111' title="bbox 1020 5385 1336 5442; baseline -0.016 0"><span class='ocrx_word' id='word_1_895' title='bbox 1020 5402 1148 5442; x_wconf 70' lang='lat' dir='ltr'>exercerc</span> <span class='ocrx_word' id='word_1_896' title='bbox 1161 5385 1336 5439; x_wconf 87' lang='lat' dir='ltr'>domirmtmn.</span> 
     </span>
    </p>

    <p class='ocr_par' dir='ltr' id='par_1_17' title="bbox 1022 5472 1810 5642">
     <span class='ocr_line' id='line_1_112' title="bbox 1057 5472 1810 5546; baseline -0.008 -16"><span class='ocrx_word' id='word_1_897' title='bbox 1057 5476 1282 5546; x_wconf 78' lang='lat' dir='ltr'>Siquisderornt.</span> <span class='ocrx_word' id='word_1_898' title='bbox 1310 5477 1336 5530; x_wconf 92' lang='lat' dir='ltr'>ld</span> <span class='ocrx_word' id='word_1_899' title='bbox 1362 5486 1413 5540; x_wconf 78' lang='lat' dir='ltr'>est,</span> <span class='ocrx_word' id='word_1_900' title='bbox 1439 5479 1460 5532; x_wconf 87' lang='lat' dir='ltr'>si</span> <span class='ocrx_word' id='word_1_901' title='bbox 1485 5478 1529 5546; x_wconf 92' lang='lat' dir='ltr'>qui</span> <span class='ocrx_word' id='word_1_902' title='bbox 1553 5475 1592 5529; x_wconf 86' lang='lat' dir='ltr'>rcl</span> <span class='ocrx_word' id='word_1_903' title='bbox 1617 5473 1746 5528; x_wconf 68' lang='lat' dir='ltr'>enticis-tis</span> <span class='ocrx_word' id='word_1_904' title='bbox 1770 5472 1810 5524; x_wconf 79' lang='lat' dir='ltr'>tel</span> 
     </span>
     <span class='ocr_line' id='line_1_113' title="bbox 1022 5570 1506 5642; baseline -0.002 -18"><span class='ocrx_word' id='word_1_905' title='bbox 1022 5571 1178 5624; x_wconf 83' lang='lat' dir='ltr'>muneribus</span> <span class='ocrx_word' id='word_1_906' title='bbox 1192 5585 1238 5624; x_wconf 80' lang='lat' dir='ltr'>ros</span> <span class='ocrx_word' id='word_1_907' title='bbox 1254 5570 1417 5623; x_wconf 75' lang='lat' dir='ltr'>culraarluut</span> <span class='ocrx_word' id='word_1_908' title='bbox 1504 5637 1506 5642; x_wconf 21' lang='grc' dir='ltr'>ι</span> 
     </span>
    </p>
   </div>
   <div class='ocr_carea' id='block_1_15' title="bbox 0 0 1920 6116">
    <p class='ocr_par' dir='ltr' id='par_1_18' title="bbox 0 0 1920 6116">
     <span class='ocr_line' id='line_1_114' title="bbox 0 0 1920 6116; baseline 0 0"><span class='ocrx_word' id='word_1_909' title='bbox 0 0 1920 6116; x_wconf 95' lang='lat' dir='ltr'> </span> 
     </span>
    </p>
   </div>
  </div>
 </body>
</html>
