3810 6120
133 201 186 259 615
779 223 957 283 stitutum
974 222 1123 281 tuearis
1703 236 1754 293 ott

128 349 163 400 dc
178 339 341 415 perpetratis
356 347 476 412 reputet,
491 338 557 410 quid
571 337 687 403 relaxet,
709 338 823 410 ignorat.
846 336 913 393 Nam
927 336 1099 409 Abaptisma
1112 345 1247 394 mortuum
1262 339 1356 412 tangit,
1369 340 1415 412 qui
1425 340 1530 413 ctrlpam
1541 352 1604 415 post
1618 343 1757 423 lacrgruaa

127 449 211 507 quam
223 449 306 505 praua
322 431 488 489 commiserit
504 430 640 496 meminit,
665 428 714 484 sed
727 445 763 484 an
774 427 919 485 commissa
970 429 1081 498 appetit.
1104 427 1173 484 lliuc
1192 427 1319 486 Salomon
1341 431 1380 485 ait
1402 450 1409 485 ε
1431 430 1505 487 Sicut
1524 435 1598 489 coria
1616 435 1663 507 gui
1680 437 1760 495 iterat

129 525 209 597 digne
229 524 383 589 delleverit,
405 521 516 577 nescit:
536 537 568 576 ac
591 537 625 576 ne
657 520 742 591 culpae
763 520 921 575 immanitas
970 520 1107 575 stultitiam
1121 538 1195 576 ruam
1211 520 1301 594 (Pron.
1314 523 1400 595 ιιιι).
1417 523 1498 580 Canis
1509 539 1574 597 ergo
1588 543 1650 582 curu
1663 530 1759 595 ιοιιὶι,

129 616 238 674 modum
261 613 426 685 poenitentioe
443 620 564 667 transeat
587 612 696 676 metuit,
714 619 743 665 et
760 610 920 680 plerumque
969 607 1091 678 prolecto
1105 609 1193 663 cibum
1212 610 1256 679 qui
1276 621 1369 681 pectus
1381 611 1548 681 deprimebat
1567 614 1676 685 projicit
1690 633 1698 672 ι
1712 621 1763 675 sed

129 706 234 778 colpam
246 704 302 775 jam
314 704 415 759 veritas
429 701 550 768 relaxat,
572 702 620 757 sed
633 718 708 757 mens
721 700 818 756 afflicta
832 700 921 756 adhuc
971 714 1032 753 cum
1050 699 1085 754 ad
1102 699 1230 754 vomitum
1249 701 1404 767 revertitur,
1422 702 1492 757 uude
1511 702 1642 776 levigatus
1660 707 1762 775 lucrat,

128 796 253 855 devonia
269 795 344 867 (datm
355 794 434 849 valde
446 793 497 849 sibi
511 801 554 849 est
566 792 691 865 sollicita)
705 792 831 863 trepidat.
851 791 922 847 San·
970 803 1064 843 rursus
1078 797 1217 844 oneratur.
1235 790 1268 844 Et
1284 790 1330 859 qul
1344 790 1461 847 admissa
1474 792 1618 866 plangunt,
1638 796 1765 871 protecto

128 896 190 944 ctus
202 902 267 958 crgo
281 886 324 941 vir
340 885 422 941 etiam
442 885 486 940 bic
504 884 717 941 misericordiam
736 883 858 953 suscipit,
873 882 921 938 sed
970 879 1118 948 nequitiam
1134 880 1167 934 de
1181 894 1233 949 qua
1246 879 1316 934 male
1329 880 1420 936 satiati
1433 879 1553 950 lucrant,
1570 893 1598 939 et
1610 900 1672 960 quae
1683 901 1765 947 ιιιιιι·

101 956 103 960 ’
128 977 280 1050 suscepisse
293 990 321 1031 se
335 976 432 1040 nescit,
446 975 509 1046 quia
524 982 665 1045 peccatum
679 988 758 1028 suum
774 971 920 1044 laomojam
971 969 1007 1022 tis
1023 968 1118 1022 intima
1135 968 1317 1038 deprimebat,
1336 969 1488 1026 coulltcndo
1504 973 1659 1046 projiciunt,
1679 978 1764 1053 quatu

129 1069 289 1140 corrigendo
308 1076 336 1123 et
354 1067 511 1141 poenitendo
529 1067 639 1129 deserit,
659 1066 707 1121 sed
725 1072 815 1119 tarireu
834 1064 922 1120 adbuc
969 1065 1032 1126 post
1043 1056 1240 1112 consessionem
1252 1057 1314 1112 dum
1325 1066 1460 1130 repetunt,
1472 1071 1622 1117 resumunt.
1638 1060 1691 1119 Sur
1703 1066 1764 1121 vero

133 1138 284 1215 districtum
299 1156 418 1227 judicem
432 1157 465 1212 de
482 1154 540 1225 ejus
554 1155 731 1212 retributione
744 1154 919 1224 pertimescit,
970 1147 998 1200 in
1021 1144 1157 1201 volutabro
1182 1145 1231 1200 luti
1256 1147 1319 1200 dam
1341 1146 1462 1214 locatur,
1487 1150 1619 1207 sordidior
1641 1154 1766 1211 redatrm

128 1250 185 1309 illic
198 1265 262 1323 ergo
274 1249 364 1320 justus
377 1249 491 1320 quilibet
502 1247 705 1305 misericordias
720 1246 825 1302 Doutiui
837 1245 922 1301 libere
971 1235 1015 1309 ll!
1026 1234 1098 1291 Pett·
1113 1235 1155 1309 ιι).
1169 1238 1203 1292 Et
1215 1238 1260 1309 qui
1273 1237 1420 1295 admissum
1433 1240 1535 1312 plangit
1545 1254 1697 1315 peccatum,
1711 1262 1765 1305 nec

129 1341 157 1400 iu
177 1341 327 1397 :eternitate
345 1349 452 1406 cantat,
472 1339 517 1394 ubl
532 1340 589 1411 jam
606 1339 639 1394 dc
657 1337 760 1408 peccati
778 1336 856 1395 venia
870 1335 921 1391 du·
971 1337 1061 1384 tamen
1073 1329 1190 1394 deserit,
1208 1345 1277 1400 pene
1292 1331 1408 1401 graviori
1427 1346 1456 1388 se
1471 1332 1556 1404 cvlpae
1570 1335 1680 1404 subjicit
1693 1356 1700 1392 ι
1714 1337 1764 1410 qui

130 1433 218 1489 bietas
232 1447 285 1488 uon
300 1440 360 1498 cst,
377 1432 422 1487 ubi
432 1431 489 1500 jam
501 1446 625 1487 securam
638 1438 757 1485 mentem
769 1427 853 1502 culpae
866 1441 922 1481 suae
971 1424 999 1475 cl
1009 1420 1094 1490 ipsam
1108 1435 1189 1490 quarn
1204 1420 1291 1477 lleudo
1305 1422 1451 1493 impetrare
1469 1426 1556 1496 potuit
1573 1429 1681 1484 reniam
1695 1444 1763 1484 oon·

130 1524 262 1580 memoria
276 1539 329 1578 nou
342 1524 426 1593 angit,
438 1521 482 1576 ubi
500 1537 554 1577 uon
569 1522 619 1576 sub
634 1529 710 1575 reatu
720 1520 827 1575 animus
840 1516 922 1586 trepi·
971 1509 1077 1575 lemnii,
1090 1518 1119 1565 el
1132 1511 1208 1581 quasi
1230 1511 1256 1566 iu
1278 1511 1365 1566 lutosa
1383 1527 1453 1582 aqua
1473 1518 1646 1588 semetipsum
1666 1518 1765 1587 volvit,

130 1606 922 1683 dat,scddeejrmindulgcntialiberexsultat.ddmoucndi
972 1604 1036 1672 qula
1056 1602 1119 1656 darm
1143 1601 1250 1658 lletibus
1269 1603 1326 1658 suis
1348 1603 1412 1656 vite
1435 1606 1593 1662 munditiam
1614 1608 1764 1675 subtrnbtt,

129 1713 194 1761 ιιιιι
208 1704 305 1759 timore
318 1702 470 1757 formidinis
485 1702 620 1772 oppressi,
636 1709 667 1754 ut
684 1700 717 1755 de
735 1696 920 1756 misericordia
934 1679 958 1737 B
971 1703 1035 1747 ante
1054 1691 1101 1748 liei
1118 1694 1211 1749 oculos
1228 1694 1351 1750 sordidas
1366 1698 1439 1774 ipsas
1450 1697 1532 1752 ctiam
1549 1696 1683 1769 lacrymat
1696 1696 1768 1757 tacta

130 1808 211 1862 quam
236 1792 372 1863 postulant
395 1799 575 1862 praesumant,
595 1806 629 1845 uc
642 1789 667 1843 vi
681 1786 865 1844 immoderata*
879 1784 919 1840 al·
972 1786 1044 1861 (lior
1056 1804 1138 1859 arque
1150 1785 1250 1861 Grec).

129 1881 257 1937 liictionis
276 1882 419 1936 intereant.
436 1878 537 1954 (ὅτις,
558 1889 626 1950 port.
642 1878 719 1933 Curre
732 1894 759 1949 p.
781 1892 829 1941 ιιι,
848 1876 919 1930 odra.
1266 1881 1381 1940 citent
1400 1884 1461 1940 XX.

130 1971 188 2042 to.)
208 1971 300 2043 Neque
318 1971 391 2026 enirn
413 1971 457 2040 pie
478 1969 607 2025 Dominus
626 1976 688 2022 ante
709 1965 921 2038 delinquentium
1075 1969 1180 2025 Debita
1197 1970 1444 2030 oclconverrotione
1457 1977 1656 2035 monachorum.

129 2064 224 2119 oculos
243 2062 328 2119 lleuda
342 2070 453 2132 peccata
466 2068 631 2132 opponeret,
647 2061 669 2115 si
687 2056 922 2129 persemetipsum
1005 2058 1196 2116 idmonendus
1210 2068 1252 2116 est
1270 2064 1430 2131 monachus,
1442 2073 1473 2120 ut
1491 2066 1674 2122 reverentiam
1686 2064 1769 2123 habl-

130 2169 162 2208 ca
182 2153 305 2208 districte
322 2152 402 2208 lcrire
415 2152 552 2207 voluisset.
572 2149 684 2206 Constat
699 2148 771 2202 enim
785 2146 856 2217 quod
872 2156 922 2199 suo
971 2153 1069 2207 tusani
1082 2153 1110 2207 in
1123 2160 1197 2218 uetur,
1212 2154 1239 2207 in
1253 2153 1396 2221 locutione,
1413 2156 1440 2210 in
1455 2157 1616 2228 cogitatione
1629 2172 1680 2213 sua
1692 2173 1771 2215 sctu-

129 2244 232 2315 judicio
252 2245 419 2299 abscondere
439 2243 540 2306 voluit,
563 2257 631 2311 quos
649 2239 803 2298 miserando
820 2252 922 2309 praeve·
971 2258 1021 2314 per
1034 2245 1243 2315 circumspiciat,
1265 2252 1347 2316 atque
1366 2262 1397 2301 ca
1418 2262 1477 2318 quae
1496 2248 1588 2304 mundi
1606 2257 1682 2311 strnt.
1703 2264 1770 2321 per-

130 2335 217 2401 nicus,
238 2335 414 2404 sibimetipsis
431 2335 538 2406 judices
559 2331 632 2387 lecit.
654 2331 723 2387 lllnc
741 2345 790 2401 per
808 2330 922 2387 Paulum
972 2329 1041 2387 icctc
1051 2333 1167 2395 deserat,
1179 2340 1206 2386 et
1216 2334 1287 2402 quod
1298 2336 1550 2393 ostenditlrumanis
1561 2338 1648 2394 oculis
1658 2338 1768 2408 babitu,

130 2427 230 2483 dicitur
251 2444 258 2480 ε
285 2424 314 2480 Si
337 2426 504 2496 notaretipror
522 2423 739 2494 dijudicaremur,
761 2437 813 2475 non
833 2419 922 2505 utiquc
972 2423 1024 2477 boe
1036 2429 1100 2476 aute
1112 2422 1160 2477 lici
1173 2423 1267 2478 oculos
1279 2424 1399 2479 moribus
1410 2427 1569 2496 praetendat.
1588 2427 1676 2483 Electi
1689 2442 1769 2484 nam·

126 2515 311 2586 judicaremur
325 2513 351 2587 (l
365 2511 427 2568 Gor.
442 2513 480 2585 rr)
972 2528 1024 2582 que
1036 2513 1160 2568 monachi
1175 2528 1236 2569 cum
1251 2515 1291 2569 eis
1304 2516 1459 2572 transitoria
1472 2520 1638 2589 prosperitas
1650 2518 1767 2585 arridet,

422 2604 535 2662 CAPUT
553 2603 625 2663 xtx.
971 2602 1091 2658 lavarem
1104 2604 1196 2658 muudi
1208 2605 1286 2674 quasi
1300 2607 1452 2662 nescientes
1465 2607 1647 2674 dissimulant,
1659 2617 1689 2664 et
1701 2608 1768 2667 lor'tl

166 2697 205 2752 lic
216 2698 249 2752 iir
260 2698 305 2767 qui
316 2696 351 2753 nd
364 2695 487 2752 delictum
498 2704 554 2766 post
567 2695 696 2765 lacrymas
711 2700 884 2748 reuertuntur.
972 2709 1067 2764 gressu
1091 2693 1205 2749 interius
1224 2709 1256 2750 ca
1283 2696 1354 2751 unde
1378 2697 1498 2752 exterius
1518 2696 1696 2753 sublevantur
1711 2696 1770 2755 cal-

165 2789 257 2862 (lsid,
272 2790 291 2843 i.
306 2805 326 2844 ιι
342 2788 428 2855 Sena,
444 2805 466 2842 ι.
482 2788 539 2860 lb.)
558 2787 668 2842 Derisor
683 2794 741 2851 est,
760 2801 813 2839 nou
833 2782 920 2854 poeni-
973 2794 1044 2840 cant.
1068 2785 1153 2840 Electi
1168 2786 1294 2841 monachi
1313 2787 1393 2843 nullis
1408 2804 1498 2860 prarae
1511 2790 1626 2846 actionis
1639 2788 1769 2849 clamod-

130 2881 260 2951 tens,qui
276 2883 364 2937 adhuc
379 2881 436 2950 agit
451 2877 921 2952 quodpoeuitctauccvideturlieum
971 2876 1023 2930 bus
1050 2885 1244 2957 perstrepunt,
1273 2876 1347 2934 nullo
1373 2879 1548 2949 cupiditatum
1574 2880 1768 2953 temporalium

130 2987 242 3043 poscere
263 2971 398 3032 subditus,
422 2970 469 3025 sed
490 2972 656 3025 subsannare
678 2969 820 3037 superbus.
841 2963 921 3020 Gonia
935 3016 957 3077 C
972 2965 1127 3021 turbulento
1144 2967 1263 3036 appetitu
1284 2966 1436 3037 rapiuntur,
1467 2968 1514 3025 scd
1534 2971 1607 3026 curis
1625 2972 1769 3042 praeeatis

131 3079 248 3118 renerius
262 3063 297 3115 od
312 3063 447 3125 uomitum,
460 3070 483 3114 et
497 3061 622 3131 porticena
636 3059 670 3113 nd
682 3066 815 3130 peccatum
829 3055 918 3129 (l‘roo.
972 3057 1034 3111 vitae
1055 3058 1216 3113 necessariis
1241 3060 1444 3116 immoderatius
1467 3062 1591 3133 occupati
1614 3062 1767 3137 relugiuut.

132 3149 219 3221 xxva).
237 3150 312 3204 llulti
324 3150 397 3203 cuim
414 3148 546 3220 lacrymas
560 3149 744 3203 indesinenter
759 3147 881 3211 lunduut,
895 3155 922 3200 ct
973 3145 1050 3216 Saepc
1059 3148 1130 3202 bona
1143 3158 1254 3220 agentes
1267 3151 1412 3217 monachi,
1430 3159 1542 3229 paterna
1560 3154 1647 3210 adlruc
1658 3154 1767 3228 llugelb

132 3255 247 3312 peccare
268 3256 321 3295 uon
343 3241 479 3296 desinunt.
500 3238 635 3307 Quosdam
655 3238 778 3294 videmus
798 3239 923 3307 accipere
972 3241 1102 3306 sentiunt,
1123 3250 1153 3295 ιιι
1176 3249 1251 3298 tanto
1273 3243 1450 3314 perfectiores
1471 3246 1504 3300 ad
1518 3236 1705 3304 haveunte‘m
1719 3264 1770 3307 ιο·

132 3333 267 3403 lacrymas
288 3331 322 3386 ad
344 3331 540 3401 poeuitcntiam,
563 3339 591 3385 et
613 3328 736 3384 ellectum
757 3328 922 3398 poeuitcntiae
972 3331 1059 3396 iniant,
1083 3341 1184 3401 quanto
1205 3350 1252 3389 eos
1273 3335 1316 3406 pie
1339 3336 1461 3393 ferientis
1481 3338 1622 3408 disciplina
1642 3343 1769 3412 quotidie

132 3438 185 3478 iton
200 3423 316 3486 habere,
332 3421 394 3491 quia
416 3421 596 3475 inconstantia
610 3419 725 3485 mentis,
741 3435 813 3473 nuuc
833 3433 923 3472 recor·
972 3419 1054 3474 etiam
1074 3422 1107 3477 de
1127 3422 1247 3478 minimis
1268 3432 1375 3497 purgat.
1409 3427 1471 3482 Veri
1495 3430 1621 3485 monachi
1642 3430 1772 3491 funditus

131 3516 239 3572 datione
254 3513 358 3584 pcccati
379 3512 514 3585 lacrymas
528 3512 654 3579 luudunt,
676 3526 747 3566 nunc
768 3525 833 3565 vero
853 3508 924 3565 revi-
972 3510 1072 3565 secedo
1085 3514 1280 3581 renuntiantes,
1301 3517 1336 3570 ita
1354 3517 1534 3575 boiamundo
1552 3521 1720 3591 moriuntur,
1736 3532 1771 3581 ιιι

132 3607 251 3663 riseeutc
271 3619 367 3659 usuca
384 3621 444 3675 quoe
463 3603 585 3660 llcvcriut
602 3602 724 3663 iterando
740 3601 920 3663 committunt.
973 3601 1022 3655 soli
1045 3603 1100 3658 lieo
1117 3604 1209 3660 vivere
1230 3605 1408 3676 delectentur,
1428 3621 1611 3684 mantumque
1629 3616 1666 3672 ab
1685 3616 1770 3690 bolus

133 3695 184 3765 Qui
198 3703 226 3748 et
239 3695 376 3769 praeterita
393 3693 450 3748 rult
462 3694 590 3765 plangere
603 3701 630 3748 ct
644 3693 796 3749 actionibus
810 3691 922 3746 saccula-
973 3692 1064 3747 sacculi
1078 3696 1282 3753 conversatione
1296 3714 1326 3754 se
1338 3699 1517 3769 subtrahunt,
1536 3713 1642 3762 tantum
1658 3708 1769 3766 interna

134 3786 209 3841 ribus
227 3785 365 3850 incubare,
382 3785 433 3839 iste
451 3783 652 3839 mundationem
671 3799 726 3839 raon
744 3784 836 3849 lrabct,
854 3796 922 3853 quo·
972 3786 1072 3840 mentis
1085 3787 1143 3841 acic
1157 3790 1329 3857 praesentiam
1350 3792 1397 3846 Dei
1416 3801 1443 3848 et
1459 3793 1624 3867 Angelorum
1638 3796 1773 3871 frequen·

133 3877 207 3937 niam
218 3875 304 3930 adbuc
313 3874 380 3945 agit,
391 3890 450 3945 quae
460 3873 615 3945 poenitendo
626 3872 725 3928 deflere
735 3873 829 3943 possit.
840 3871 923 3927 lsaias
973 3877 1037 3932 tiam
1055 3879 1295 3949 contemplantur:
1316 3892 1469 3955 quantoque
1488 3886 1573 3957 magis
1592 3902 1621 3943 sc
1642 3890 1771 3947 exterius

132 3965 319 4038 peccatoribus
331 3964 397 4019 dicit
409 3981 416 4017 ε
428 3963 575 4030 lavamini,
593 3963 684 4018 mundi
697 3971 777 4017 estote
797 3960 874 4034 (lsai.
889 3959 920 4033 ι).
973 3969 1147 4040 despiciendo
1161 3970 1300 4039 dejiciunt,
1316 3981 1391 4028 tanto
1404 3974 1519 4046 amplius
1535 3975 1653 4033 interius
1663 3980 1772 4037 revela-

132 4054 252 4113 baratur
274 4053 366 4123 itaque
389 4060 416 4108 et
438 4053 554 4112 mundus
584 4060 647 4119 est,
672 4052 718 4123 qui
739 4060 767 4106 ct
786 4050 922 4121 praeterita
973 4059 1076 4114 tionum
1090 4062 1315 4131 contemplatione
1332 4074 1489 4134 pascuntur.
1506 4064 1579 4142 Quos
1597 4070 1673 4126 enlm
1691 4080 1771 4130 exto·

132 4142 245 4214 plangit,
266 4154 294 4196 et
313 4141 400 4197 llonda
421 4142 518 4197 iterum
539 4158 592 4197 nou
612 4143 738 4198 admittit.
759 4141 876 4196 Lovalur
895 4149 923 4196 el
972 4149 1029 4205 rins
1046 4152 1073 4205 in
1085 4150 1148 4206 lietu
1163 4155 1286 4209 continet
1303 4156 1433 4212 convallis
1446 4155 1620 4225 humilitatis,
1634 4176 1686 4218 eos
1699 4162 1771 4221 iute-

132 4248 185 4288 ιιι
197 4241 241 4288 est
253 4235 379 4299 mundns,
394 4233 440 4309 qni
460 4234 563 4305 plangit
575 4250 635 4310 ιιι
647 4235 731 4305 cessit
744 4249 793 4290 nec
809 4233 919 4309 deserit,
971 4244 1030 4299 rins
1042 4245 1163 4300 sublevat
1177 4261 1306 4303 ascensus
1319 4247 1560 4320 coneniptartonts.
1582 4250 1676 4325 (istu,
1697 4254 1716 4309 t.
1735 4266 1766 4312 ιιι

131 4331 159 4376 ιι
172 4330 233 4393 post
246 4322 378 4400 lacrymas
393 4338 424 4379 ea
444 4338 503 4393 qum
525 4322 635 4379 fleverat
653 4323 759 4395 repetit.
781 4321 827 4378 Sic
845 4320 921 4376 deni·
933 4362 960 4422 D
974 4330 1060 4396 sena,
1077 4349 1099 4386 c.
1116 4333 1173 4406 lli.)
1193 4334 1253 4389 lllia
1268 4343 1332 4391 sunt
1346 4337 1417 4391 culm
1440 4345 1576 4408 praccepta
1591 4354 1653 4411 quae
1668 4342 1766 4399 (tantu

132 4426 185 4481 que
196 4422 225 4468 et
236 4413 300 4467 alibi
312 4413 429 4467 animam
442 4412 616 4486 poenitentem
631 4419 712 4482 atque
726 4412 823 4466 iterum
837 4409 922 4466 delin-
972 4421 1097 4478 ppetuu,
1116 4439 1287 4480 communem
1307 4427 1334 4480 j„
1357 4428 1455 4482 gaecuqo
1487 4427 1571 4484 ,pam
1594 4431 1759 4503 gemm

132 4511 258 4570 qucntcm
271 4519 360 4559 sermo
374 4503 480 4558 divinus
498 4504 618 4573 increpat
632 4503 724 4558 dicens
739 4519 746 4562 ς
764 4501 850 4567 Quom
864 4500 920 4556 uilia
971 4518 1052 4579 atque
1067 4510 1118 4565 alin
1133 4513 1231 4566 sacrato
1251 4514 1476 4571 renuntiantibus.
1497 4515 1552 4572 lllis
1566 4517 1642 4573 enim
1667 4520 1759 4577 dicitvr

132 4606 159 4642 er
169 4591 239 4660 [acto
250 4592 336 4655 nintia,
355 4593 452 4646 iterans
471 4593 525 4646 cina
544 4603 603 4647 turis
617 4591 683 4664 μιν.
697 4588 738 4662 ιι).
755 4589 826 4663 (Huc
839 4606 920 4665 rtsqtre
970 4611 1000 4655 qr
1017 4616 1066 4656 sqq
1080 4603 1171 4657 omnia
1189 4605 1257 4659 ιρις
1273 4612 1385 4673 gerant,
1405 4606 1464 4661 istis
1475 4616 1507 4662 up
1519 4622 1567 4662 spa
1581 4609 1676 4664 omnig
1689 4610 1756 4665 ‹lert-

133 4676 212 4747 ΒΜ)
230 4678 356 4747 Quisquis
372 4694 436 4750 “8⁰
450 4679 542 4748 lull)as
557 4681 709 4750 lll'aeffliiliss
727 4678 834 4749 illim·
848 4680 920 4734 hunc
971 4692 1104 4762 linquant.
1115 4694 1152 4747 llli
1164 4695 1757 4770 preceptisgenoraltbnsastrtngmnturaial

132 4781 243 4820 neccsse
257 4779 299 4822 est
316 4768 424 4823 motlum
445 4777 550 4835 teneat,
569 4771 653 4825 etsie
672 4771 788 4825 admissa
807 4768 919 4834 delicat,
968 4794 1103 4853 pfaeoepqq
1115 4784 1415 4854 3030f3112‚pqppeggqgg
1425 4787 1548 4856 vivendo,
1556 4796 1763 4855 mamm

132 4870 167 4911 uo
182 4856 279 4911 iterum
301 4856 388 4914 llenda
408 4859 568 4914 committat.
590 4859 726 4929 Scriptum
740 4867 782 4915 est
803 4859 830 4913 iu
851 4858 921 4916 libro
970 4871 1010 4930 Ad
1032 4871 1181 4943 perlectum
1201 4890 1254 4930 non
1276 4873 1383 4941 sufficit,
1406 4877 1457 4931 uisi
1476 4878 1618 4950 abnegatis
1636 4883 1773 4948 omnibu

132 4945 416 5014 salutassemus
442 4948 589 5019 baptisatur
609 4965 626 5003 u
645 4958 758 5013 mortuo,
775 4957 800 5002 et
826 4948 920 5002 iterum
970 4965 1036 5027 suis,
1051 4965 1132 5018 egam
1150 4965 1268 5035 seipsum
1286 4965 1410 5038 abneget·
1432 4966 1485 5025 geg
1503 4967 1569 5039 qugd
1585 4980 1630 5028 ω
1645 4974 1784 5051 „gg”

132 5037 215 5109 tangit
229 5037 313 5101 ilium,
329 5040 392 5110 quid
404 5041 507 5112 proficit
520 5038 616 5094 locutio
629 5040 686 5111 ejus
702 5039 921 5112 (Euclirrrtvll
971 5053 1115 5124 sitneque,
1129 5054 1182 5109 nisi
1201 5053 1384 5124 voluptatibus
1400 5056 1517 5127 propriis
1535 5061 1713 5117 muuntiarc?
1758 5060 1793 5125 il

133 5124 235 5201 (Greia
253 5140 321 5202 ιιι·
344 5129 422 5186 Cvroe
435 5149 461 5204 p.
481 5149 522 5199 m,
538 5132 609 5187 adm.
625 5132 682 5204 51.)
702 5132 765 5187 Post
784 5133 920 5189 lavacrum
970 5143 1015 5213 qui
1029 5145 1161 5214 superbus
1177 5152 1251 5209 erat,
1267 5144 1303 5199 sit
1319 5144 1448 5213 bumilis;
1465 5146 1511 5217 qni
1529 5147 1691 5220 iracundus,
1704 5158 1800 5211 a*

132 5217 248 5273 utendus
265 5234 324 5274 esse
338 5219 464 5292 negligit,
484 5222 607 5292 quisquis
623 5226 685 5291 post
705 5220 839 5292 lacrymas
857 5223 920 5278 vitu
971 5233 1078 5287 studeat
1100 5241 1267 5287 mansuetus.
1292 5232 1360 5287 Nam
1383 5235 1405 5289 si
1430 5236 1467 5290 ita
1488 5237 1604 5309 quiaque
1626 5236 1805 5299 tenensis

132 5308 314 5366 innocentiam
327 5326 380 5366 nou
395 5313 520 5366 custodit.
540 5313 676 5368 Lavantur
691 5314 804 5370 enimet
819 5330 920 5386 nequa·
970 5322 1096 5377 omnibus
1116 5337 1177 5391 quae
1194 5322 1327 5392 possidet,
1342 5329 1373 5377 ιι
1389 5324 1446 5379 suia
1459 5340 1512 5380 ιιι
1527 5329 1669 5385 renuntiet
1681 5322 1805 5385 uadi*

131 5413 212 5467 quam
228 5400 320 5454 mundi
333 5408 406 5466 sunt,
421 5401 466 5470 qui
480 5402 622 5456 commissa
636 5401 700 5458 llere
714 5418 768 5458 nou
783 5404 919 5471 desinunt,
970 5411 1030 5473 bus,
1046 5424 1098 5462 non
1112 5418 1155 5465 cst
1168 5409 1268 5465 Christi
1288 5412 1446 5481 discipulus.
1468 5413 1518 5480 Qui
1534 5416 1607 5471 enim
1626 5412 1806 5473 remur-¹¹¹

132 5491 179 5544 sed
194 5505 300 5546 rursum
315 5490 401 5547 llcnda
421 5494 600 5547 committunt.
620 5494 776 5565 Baptizatur
788 5497 919 5553 sciliceta
971 5500 1051 5553 rebus
1064 5500 1130 5563 suis,
1144 5514 1191 5552 sna
1207 5501 1323 5571 abnegat
1336 5518 1344 5566 ;
1358 5501 1404 5571 qui
1418 5517 1480 5557 vcro
1492 5506 1633 5559 mrruntiat
1644 5500 1798 5563 mor-fio

133 5588 249 5648 tvrortuo,
268 5580 314 5653 qui
333 5582 478 5637 mundatur
495 5581 602 5645 lletibus
620 5599 634 5638 a
652 5594 775 5656 peccato,
794 5586 842 5642 scd
859 5595 921 5662 post
971 5590 1072 5662 pravis,
1087 5591 1261 5661 senretipsum
1275 5592 1399 5664 abnegat.
1419 5597 1532 5654 Undeet
1544 5594 1696 5655 Doutiuuse
1740 5584 1793 5657 W
