3810 6120
141 303 193 359 755
660 300 835 358 coedent.
855 301 889 357 ΙΝ
908 302 988 359 REG.
1009 302 1039 359 S.
1057 303 1245 361 uertemctl.
1717 309 1768 365 'liii

139 414 177 469 ita
199 411 425 481 concupiscentiae
448 410 548 467 malum
577 413 737 483 prohibetur
757 428 773 466 a
797 414 926 479 Domiuo;
942 413 1159 487 Albudinus).
1175 416 1237 473 llaec
1251 418 1383 472 sementia
1399 434 1460 475 eant
1476 421 1593 479 relertur
1603 424 1637 478 ad
1649 425 1769 481 dilectio-

138 505 202 576 quia
218 505 289 559 sicut
304 503 347 557 illa
367 503 479 557 trahunt
490 506 523 558 ad
536 519 655 575 poenam,
669 506 706 560 ita
720 505 886 561 abstractum
901 514 929 561 et
980 521 1041 561 nem
1057 508 1115 565 Dei.
1127 510 1218 562 onmia
1229 507 1328 578 flagitia
1342 510 1509 577 ntorinntur3
1523 527 1584 567 eum
1597 514 1630 570 ad
1639 518 1767 584 proximi,

139 594 259 649 illectum
282 593 419 647 bominem
440 595 658 663 coucupiscentia
673 593 771 650 inferni
786 597 883 666 mergit
900 596 927 652 in
979 597 1069 650 munia
1085 598 1214 654 facinora.
1230 599 1281 664 Qui
1296 601 1367 654 enim
1383 601 1454 669 quod
1474 602 1525 657 sibi
1540 618 1592 658 uon
1608 605 1674 670 vult,
1689 607 1768 663 alteri

139 682 255 737 lorcam.
980 702 1033 742 non
1050 687 1126 752 lacit,
1139 689 1216 744 tratri
1233 692 1333 745 madum
1346 706 1398 746 nou
1413 693 1521 762 ingerit,
1539 710 1589 750 nee
1602 697 1701 752 malum
1717 714 1768 768 pro

174 775 201 826 7.
227 771 289 826 Non
314 771 412 841 laisum
437 773 612 827 testimoninm
636 775 722 829 dicere
748 773 852 845 (Esorl.
875 792 926 842 xx;
979 776 1051 828 malo
1065 777 1167 841 reddit,
1183 778 1354 834 maledictum
1367 796 1416 849 pro
1431 781 1637 839 maledictonnn
1653 787 1766 855 profert,

64 926 69 933 ³
139 862 218 917 Deut.
231 861 269 934 v).
285 862 393 917 Falsum
408 864 592 917 testimonium
607 865 715 930 dicitur,
730 880 784 935 qno
796 881 867 937 saepe
882 882 928 921 re-
978 863 1083 920 occulte
1096 867 1218 934 proximo
1239 883 1291 922 non
1314 869 1448 933 detrabit,
1471 888 1520 928 nee
1534 872 1592 942 ejus
1605 876 1683 932 bouis
1703 893 1768 949 ope-

138 956 206 1009 ritas
219 954 352 1019 illuditur,
364 961 393 1006 ut
405 969 465 1022 qnae
479 952 548 1009 laeta
564 954 606 1008 vel
621 955 692 1010 dicta
707 965 770 1010 sunt
784 957 860 1025 quasi
874 972 927 1012 nou
979 956 1054 1012 ribus
1072 959 1182 1024 inridet,
1196 968 1223 1014 et
1237 961 1370 1026 omnium,
1384 962 1421 1016 ita
1440 970 1468 1016 ut
1488 965 1586 1032 dicam,
1600 982 1614 1020 a
1628 982 1657 1022 se
1670 985 1767 1039 pecca·

139 1044 210 1099 lactu
231 1053 371 1114 negentur.
386 1045 433 1099 Est
452 1053 479 1099 et
503 1046 575 1100 aliud
596 1047 728 1101 mendacii
750 1063 836 1117 genus
856 1050 928 1118 quod
979 1056 1066 1103 torum
1084 1050 1186 1106 aditum
1203 1050 1314 1118 clandit,
1327 1063 1354 1106 et
1373 1054 1515 1110 clrnritatis
1532 1064 1559 1111 et
1576 1059 1698 1113 omnium
1718 1060 1765 1114 lio-

138 1136 216 1190 talde
229 1137 389 1190 monachum
407 1136 472 1191 lacit
486 1152 572 1192 reum.
588 1136 682 1193 Omnis
696 1139 769 1193 enirn
782 1141 928 1210 promissio
978 1156 1075 1194 uarum
1098 1142 1230 1197 virtutum
1248 1142 1359 1211 januam
1382 1143 1519 1213 patefacit.
1542 1146 1609 1201 Nam
1632 1149 1694 1203 dum
1720 1150 1767 1204 alit

137 1234 326 1307 quietantum
349 1229 438 1282 verbis
458 1228 598 1298 profertur
615 1238 642 1284 et
662 1230 789 1298 operibus
804 1247 857 1285 nou
880 1233 928 1287 im-
978 1231 1079 1284 malum
1102 1247 1153 1287 uec
1174 1233 1231 1288 rult
1254 1248 1304 1288 nec
1318 1243 1457 1304 operatur,
1474 1237 1573 1291 bonum
1592 1240 1651 1294 sine
1672 1241 1765 1304 dubio,

137 1318 236 1389 pletur,
251 1317 404 1373 sinednbio
418 1318 513 1372 fulsum
528 1334 588 1374 esse
609 1319 790 1374 testimouium
804 1336 928 1392 oorrrpro-
978 1330 1108 1390 qnantum
1122 1323 1193 1378 vires
1215 1332 1376 1393 suppetunt,
1394 1327 1519 1395 pmrimo
1539 1338 1567 1383 et
1581 1330 1638 1383 rull
1652 1344 1680 1384 et
1702 1346 1767 1400 ope·

136 1407 228 1463 batur.
252 1407 320 1463 lline
342 1423 459 1476 namque
477 1407 603 1464 Salomon
621 1410 684 1464 ait:
707 1409 788 1465 Terris
815 1412 928 1466 intendes
978 1419 1064 1465 ratur.
1081 1411 1144 1468 llaec
1168 1421 1257 1468 autem
1272 1415 1406 1469 sententia
1425 1424 1453 1469 ct
1469 1431 1502 1471 eo
1517 1418 1606 1483 modo,
1627 1419 1697 1474 sieut
1721 1437 1766 1476 su·

136 1498 241 1569 peribit,
254 1501 295 1552 uir
306 1508 395 1552 eutem
417 1498 539 1554 obediens
558 1499 673 1571 loquitur
697 1503 818 1556 uictorias
833 1501 925 1574 (Prou.
976 1502 1068 1569 purius
1080 1502 1113 1555 de
1128 1501 1219 1557 futuro
1235 1503 1338 1557 dictum
1361 1511 1412 1569 est,
1429 1505 1600 1576 intelligenda
1615 1517 1665 1562 est.
1682 1508 1767 1564 Nemo

136 1590 213 1661 ιιι);
228 1591 290 1660 quia
303 1591 392 1660 quise
412 1592 468 1646 Deo
481 1592 585 1647 servire
599 1598 725 1657 testatur,
741 1609 790 1648 nec
802 1593 875 1648 dieta
887 1591 927 1646 la·
977 1591 1048 1645 enim
1071 1591 1127 1646 vult
1141 1593 1278 1662 corrurupi
1301 1594 1483 1649 babitaculum
1508 1612 1596 1662 suum,
1618 1612 1668 1653 nee
1687 1598 1767 1655 debet

135 1681 191 1737 etis
211 1685 381 1752 exsequitur,
396 1682 423 1737 iu
439 1692 571 1738 eternum
592 1684 702 1753 peribit.
718 1684 770 1750 Qui
791 1693 881 1739 autmn
897 1694 927 1741 ut
977 1680 1021 1735 iile
1036 1697 1210 1753 eorrumpere
1227 1682 1410 1738 babitaculum
1433 1684 1497 1751 Dei,
1521 1686 1696 1757 semetipsum
1714 1690 1767 1744 sei-

137 1774 271 1844 promittit
292 1774 406 1828 fideliter
426 1773 538 1842 implere
553 1774 699 1839 contendit,
721 1774 800 1844 liujus
820 1775 925 1844 loquela
938 1775 962 1834 B
976 1776 1047 1831 lieet.
1064 1776 1148 1831 Nemo
1168 1776 1241 1831 enim
1263 1776 1320 1830 vult
1334 1784 1364 1830 ut
1386 1777 1483 1847 aliquis
1504 1792 1612 1833 servum
1635 1779 1694 1848 ejus
1715 1778 1765 1835 tol-

136 1865 172 1917 ιιι
194 1863 335 1918 victoriam
358 1863 495 1932 peruenit,
517 1863 580 1932 quia
604 1863 666 1918 dum
682 1864 925 1932 perobedientiam
976 1865 1024 1930 let,
1038 1874 1066 1920 et
1079 1866 1172 1932 alteri,
1191 1866 1268 1937 eujus
1291 1881 1346 1922 uon
1360 1866 1440 1923 debet
1463 1882 1532 1932 esse,
1556 1869 1656 1922 tradat.
1680 1869 1767 1924 Neruo

134 1951 271 2009 desideria
289 1969 339 2008 sua
360 1954 468 2009 vincere
490 1954 597 2023 satagit,
613 1966 663 2023 per
673 1953 809 2023 justitiam
824 1952 925 2022 judicis
975 1955 1034 2008 rult
1046 1963 1076 2009 ut
1085 1954 1239 2025 jumentum
1250 1971 1328 2010 sunm
1344 1956 1414 2011 latro
1428 1957 1519 2027 abigat
1534 1965 1561 2012 et
1571 1958 1690 2027 praedoni
1703 1975 1765 2014 eum

134 2041 308 2111 postmodum
326 2042 445 2097 victuriae
461 2041 579 2110 palmam
601 2043 724 2113 percipit
747 2041 815 2097 Nam
829 2052 857 2098 et
880 2043 925 2099 ille
975 2040 1054 2099 ierat.
1069 2043 1153 2099 Nemo
1167 2046 1225 2100 vult
1239 2053 1267 2100 ut
1287 2047 1385 2117 aliquis
1407 2048 1603 2103 habitationem
1623 2051 1682 2120 ejus
1700 2051 1767 2105 ‹liri-

135 2128 221 2185 iabus
233 2144 295 2185 esse
319 2132 397 2186 testis
421 2132 561 2201 probatur,
580 2132 626 2201 qni
649 2148 701 2187 non
724 2133 820 2189 eodem
844 2149 924 2191 seusu
974 2135 1032 2205 piat
1045 2135 1225 2206 templumque
1239 2136 1298 2206 ejus
1314 2140 1461 2194 subvertat.
1475 2140 1546 2211 Ergo
1560 2141 1632 2211 quod
1645 2142 1696 2197 sibi
1712 2160 1764 2200 non

134 2218 209 2274 dieta
224 2218 351 2289 intelligit
370 2233 425 2290 quo
439 2220 576 2273 dicuntur.
590 2219 628 2274 De
641 2219 739 2276 talibus
754 2222 827 2276 enim
846 2229 925 2278 eraut
975 2227 1032 2282 uult
1044 2227 1102 2284 lieri
1120 2229 1211 2294 bomo,
1224 2246 1278 2286 non
1292 2230 1374 2286 iaciat
1386 2232 1452 2298 Deo,
1470 2233 1495 2287 id
1510 2242 1561 2298 est,
1576 2250 1629 2288 non
1644 2236 1718 2290 tollat
1736 2253 1766 2293 se

134 2308 174 2365 illi
190 2312 224 2365 de
246 2311 344 2379 quibus
368 2311 542 2382 Evangelinm
556 2310 645 2366 dicit:
667 2310 813 2367 Nouissime
837 2323 924 2368 nartem
974 2319 1044 2374 nrule
1065 2320 1180 2376 virendo
1194 2321 1260 2385 Deo,
1284 2323 1506 2392 etsemetipsum
1533 2325 1624 2379 tradat
1646 2327 1765 2393 diabolo,
1863 2376 1866 2381 .

135 2415 260 2469 ernemnt
279 2407 331 2459 dno
354 2404 417 2475 [utri
432 2414 518 2471 tester,
531 2414 585 2460 ete.
610 2404 718 2477 (lluttlr.
730 2404 816 2477 ιιιι).
830 2404 883 2461 Sed
897 2414 925 2461 et
975 2407 1063 2463 sedin
1077 2407 1156 2465 bouis
1171 2411 1297 2479 operibus
1310 2425 1487 2480 perseverans
1498 2426 1560 2466 cum
1575 2412 1659 2470 Durid
1673 2412 1763 2470 dieat:

134 2496 201 2552 illud
215 2496 341 2552 salsitatis
355 2512 449 2567 genus,
462 2497 496 2551 de
507 2512 562 2567 quo
573 2496 715 2552 Psalmista
728 2498 785 2551 ait:
800 2497 839 2551 At
852 2508 924 2553 utero
976 2494 1009 2552 Ut
1018 2498 1168 2569 jrtmentum
1184 2502 1271 2572 fuctus
1291 2520 1349 2557 snm
1361 2503 1432 2573 opud
1446 2512 1489 2558 te:
1503 2512 1528 2558 ιι
1547 2521 1592 2575 eqo
1612 2522 1713 2576 semper
1725 2517 1765 2562 te·

133 2599 297 2654 enituerunt,
309 2598 333 2643 et
354 2607 370 2643 a
384 2598 470 2643 uentre
484 2588 564 2642 locuti
577 2597 637 2643 runt
656 2588 725 2658 [αιια
737 2588 824 2660 (Ptol.
838 2589 921 2661 ιιίι);
975 2603 1033 2640 rum
1049 2586 1135 2659 (Paul.
1151 2591 1248 2663 ιιιιι).
1269 2590 1468 2648 Habitationem
1481 2592 1528 2649 Dei
1543 2595 1571 2649 in
1591 2609 1621 2650 se
1634 2610 1687 2650 non
1701 2597 1765 2651 suh·

135 2678 172 2734 ab
186 2678 240 2734 illis
259 2693 430 2749 summopere
452 2677 600 2733 cavendum
618 2686 661 2733 est
674 2679 814 2734 monacbis
826 2679 872 2748 qni
889 2678 924 2734 ad
974 2685 1050 2741 ruat,
1068 2680 1197 2749 templum
1220 2682 1374 2747 subvertat,
1388 2683 1450 2752 quia
1467 2683 1673 2752 scriptumest:
1689 2684 1766 2739 Teni-

132 2782 253 2837 supema
271 2769 405 2823 immunes
423 2768 536 2836 eupiunt
548 2767 680 2822 scandere
698 2782 791 2838 regna,
806 2769 880 2837 qnia,
894 2774 923 2823 ut
973 2762 1045 2833 plum
1066 2764 1115 2821 Dei
1134 2770 1204 2835 eatis,
1223 2778 1246 2824 et
1265 2771 1373 2841 spiritur
1400 2770 1507 2826 Domini
1529 2772 1630 2827 labitur
1648 2773 1677 2828 iu
1694 2775 1764 2829 uobis

134 2857 264 2914 Salomon
277 2860 323 2923 ait,
344 2860 415 2913 tertia
430 2857 513 2928 [ulans
527 2874 579 2912 uon
600 2859 649 2912 erit
670 2859 815 2929 impunitus
829 2857 921 2930 (Prou.
975 2852 1003 2932 (l
1016 2854 1078 2910 Gor.
1091 2856 1144 2929 ιιι).
1158 2858 1191 2912 Et
1202 2859 1248 2928 qni
1263 2859 1390 2930 templum
1406 2858 1512 2914 Domini
1533 2860 1561 2914 iu
1579 2862 1668 2931 seipso
1681 2850 1766 2918 riola-

134 2951 209 3024 ιιι).
225 2952 314 3008 ‘lestis
327 2961 418 3007 antem
442 2952 579 3007 lalsirlieus
594 2952 680 3006 tribus
703 2950 840 3005 invenitur
859 2966 922 3020 per-
972 2949 1054 3015 uerit,
1068 2948 1204 3019 disperdet
1216 2947 1291 3003 illum
1306 2949 1386 3003 Deus.
1401 2949 1472 3020 Ergo
1487 2950 1513 3004 in
1529 2952 1675 3023 semetipso
1694 2953 1764 3009 male

133 3049 210 3104 tonis
226 3048 375 3103 obnoxius:
392 3048 509 3116 primum
530 3047 595 3111 Deo,
609 3059 689 3115 quem
713 3043 844 3109 ialsnndo,
861 3059 923 3113 pcr-
975 3040 1089 3095 virendo
1104 3040 1263 3105 monachus,
1280 3048 1308 3093 et
1320 3054 1430 3094 servum
1443 3039 1549 3095 Domini
1563 3041 1678 3098 Domino
1698 3045 1763 3099 sub-

130 3138 249 3209 lnrando
271 3147 299 3192 et
321 3137 473 3192 mentiendo
494 3136 660 3199 coittemuit3
686 3135 804 3190 secundo
821 3132 921 3203 judici,
935 3113 958 3176 C
974 3131 1069 3195 trabit,
1082 3139 1110 3185 ct
1131 3128 1190 3198 ejus
1209 3130 1362 3200 jumentum
1385 3130 1479 3202 abigit,
1493 3139 1521 3187 et
1536 3132 1653 3203 Spiritus
1677 3135 1764 3190 sancti

132 3244 216 3300 quem
248 3229 414 3292 simulando,
443 3227 597 3282 mentiendo
622 3234 650 3281 et
677 3224 800 3281 laisando
833 3224 922 3293 lallit;
973 3222 1074 3277 donum
1096 3221 1217 3286 subruit,
1239 3221 1367 3291 templum
1389 3221 1537 3288 subvertlt;
1559 3230 1587 3277 et
1609 3224 1660 3279 boe
1683 3225 1763 3280 modo

135 3329 275 3393 postremo
289 3319 436 3384 innocenti,
448 3332 529 3387 quem
542 3317 608 3372 lulso
627 3315 783 3378 testimonio
804 3315 876 3371 ledit
898 3326 925 3371 et
973 3312 1045 3382 quod
1059 3311 1176 3367 sibinen
1191 3310 1258 3377 vult,
1270 3311 1347 3365 alteri
1361 3309 1435 3366 iacit.

135 3411 272 3483 opprimit.
285 3408 352 3464 Nam
375 3410 445 3464 sicut
464 3407 507 3462 ille
529 3406 599 3476 apud
622 3405 707 3460 Deum
728 3405 936 3460 condemnatur·
1009 3402 1052 3457 lt.
1072 3400 1207 3471 Abueane
1232 3402 1397 3470 semetipsum
1419 3401 1470 3455 ribi
1493 3412 1521 3455 ut
1545 3413 1670 3473 sequntur
1687 3403 1765 3458 curl-

133 3501 181 3571 qui
198 3499 327 3554 adversus
341 3499 512 3552 innocentem
525 3495 624 3550 salsum
642 3494 825 3549 testimonium
846 3492 923 3558 dicit,
972 3500 1051 3545 itum.
1067 3491 1209 3561 Abnegare
1223 3490 1382 3559 intelligitur
1400 3506 1525 3555 renuere,
1541 3508 1651 3563 negare,
1666 3495 1707 3548 uel
1723 3495 1765 3549 in·

71 3654 78 3665 ,
133 3584 171 3647 lta
187 3600 216 3647 et
238 3592 281 3646 ille
294 3591 340 3661 qni
355 3588 506 3645 dicentibus
520 3587 600 3643 lacile
621 3587 708 3641 eredit
722 3594 749 3640 et
761 3585 815 3639 cito
830 3598 922 3638 aurem
972 3581 1122 3645 terdiccre;
1141 3580 1270 3635 Dominus
1286 3582 1359 3634 euim
1377 3581 1404 3635 in
1422 3581 1568 3652 Et·ungelio
1587 3583 1645 3637 ait:
1662 3582 1693 3639 Si
1705 3586 1778 3655 quir,

133 3683 294 3739 criminibus
306 3683 416 3754 praebet.
430 3682 526 3736 Sermo
536 3677 681 3747 enimjusti
691 3677 808 3732 hominis
818 3684 923 3731 tantum
972 3672 1025 3727 uult
1039 3680 1096 3742 post
1110 3688 1151 3726 me
1165 3673 1260 3738 uenire,
1274 3672 1381 3743 abneget
1396 3674 1559 3744 semetipsum
1574 3685 1597 3729 et
1611 3675 1685 3730 tollat
1704 3693 1764 3731 eru-

133 3773 169 3829 ad
183 3773 362 3828 ministerium
373 3773 453 3828 debet
465 3786 525 3827 csse
535 3770 639 3835 salutis,
651 3782 704 3823 non
716 3766 749 3822 ud
763 3766 923 3822 condemna·
972 3776 1027 3815 cern
1048 3776 1137 3826 suunt,
1155 3768 1179 3814 et
1193 3770 1317 3830 sequntur
1329 3777 1369 3814 ute
1384 3760 1492 3831 (lluttli.
1505 3761 1571 3835 ιιι).
1597 3764 1630 3818 Et
1644 3765 1708 3834 quid
1722 3773 1765 3822 est

132 3862 236 3917 qonem
250 3860 352 3916 (ητις,
972 3853 1106 3922 ubuegaro
1126 3852 1299 3922 semetipsum
1323 3851 1389 3918 sibi,
1411 3853 1462 3906 nisi
1488 3854 1622 3923 deponere
1645 3864 1764 3912 retercm

171 3952 197 4007 8.
209 3950 347 4005 llonomre
357 3967 445 4004 omnes
458 3951 575 4004 dominer
589 3946 615 4020 (l
624 3945 731 4019 Petu).
740 3947 817 4002 Tritrc
829 3960 923 4002 omnes
972 3942 1109 3997 bominem
1130 3957 1190 3996 eum
1204 3942 1310 3996 actibus
1322 3942 1389 3996 suis.
1402 3942 1436 3996 Ει
1449 3943 1514 4010 quid
1532 3951 1574 3997 est
1588 3943 1665 4013 sequi
1687 3944 1765 3999 Chri·

132 4042 257 4097 bomiucs
275 4042 423 4096 monachus
436 4041 569 4103 honorat,
588 4039 696 4108 quando
718 4053 747 4094 se
770 4037 922 4107 despiciens
972 4040 1054 4097 stum,
1070 4033 1120 4086 nisi
1135 4032 1246 4087 iuduere
1267 4047 1366 4085 nouum
1385 4032 1533 4097 bominem,
1546 4032 1593 4101 qui
1615 4033 1764 4087 seeundum

132 4130 354 4200 bominibuspim
364 4131 470 4185 eunctis
479 4129 613 4194 humiliat,
624 4136 652 4183 et
664 4141 758 4183 omnes
767 4127 922 4198 superiores
972 4123 1057 4179 Deum
1074 4132 1183 4178 creatus
1197 4131 1240 4176 cst
1259 4122 1286 4175 in
1304 4121 1409 4190 iustitia
1423 4128 1451 4175 et
1472 4122 1701 4189 sanctificatione3
1717 4123 1763 4192 qui

131 4219 283 4283 mstiruuns,
302 4217 457 4273 interiorem
481 4234 511 4273 se
533 4233 593 4273 esse
613 4217 794 4282 demonstrat;
814 4215 922 4285 quando
972 4212 1139 4283 spiritaliter,
1161 4226 1214 4266 non
1229 4212 1375 4267 carnaliter
1389 4211 1479 4278 rivat;
1495 4208 1564 4265 Coro
1585 4213 1653 4265 enim
1667 4228 1764 4266 coneu-

132 4326 187 4364 uon
201 4309 287 4364 solutu
302 4309 481 4363 bumilitatem
495 4310 522 4363 in
536 4309 629 4374 corde,
642 4308 689 4363 sed
702 4306 882 4376 objectionem
894 4313 922 4361 et
971 4305 1047 4374 piscit
1061 4303 1184 4358 aduersus
1197 4303 1329 4373 spiritum,
1342 4303 1449 4372 spiritua
1463 4311 1550 4356 nutem
1565 4302 1689 4356 aduersus
1705 4318 1763 4355 cur-

131 4400 332 4470 despeetionem
345 4415 393 4454 suo
405 4407 537 4455 monstrat
549 4400 576 4453 in
591 4413 719 4469 corpore;
733 4397 841 4468 quaudo
856 4411 922 4475 cun·
974 4408 1040 4455 uem,
1056 4393 1148 4457 idest,
1164 4405 1240 4447 retus
1254 4391 1335 4445 homo
1352 4391 1482 4446 adsersus
1503 4404 1614 4455 novum,
1635 4399 1662 4445 et
1677 4405 1764 4446 novus

130 4500 192 4547 ctos
208 4506 300 4546 aruorc
322 4489 443 4544 irateruo
462 4489 659 4558 complectitur,
680 4498 707 4543 ct
728 4487 876 4552 humiliter,
892 4495 922 4541 ut
934 4455 961 4515 D
973 4484 1102 4538 adversus
1115 4493 1244 4538 veterem.
1256 4483 1371 4537 biterior
1383 4483 1464 4537 lromo
1477 4489 1569 4537 noster
1582 4480 1721 4548 exteriori,
1736 4489 1765 4538 et

132 4582 266 4646 seniores,
280 4589 439 4645 veneratum
461 4579 569 4649 quando
588 4591 618 4633 se
633 4592 689 4649 prae
711 4576 815 4632 erraretis
828 4591 922 4647 peeca-
973 4575 1092 4630 exterior
1109 4575 1232 4629 interiori
1253 4583 1395 4646 repugnat.
1419 4572 1489 4629 Caro
1504 4572 1577 4628 enim
1595 4587 1702 4644 semper
1724 4573 1764 4628 in·

131 4680 220 4726 torem
242 4671 398 4740 pronuntiat
423 4679 452 4724 et
477 4669 597 4723 inutilem
624 4682 730 4722 servum
753 4666 919 4737 proclamat;
972 4664 1049 4719 utilia
1068 4665 1208 4720 etcaduca
1229 4664 1379 4730 desiderat,
1399 4663 1599 4733 spirltusutilia
1613 4663 1719 4734 quaerit,
1734 4671 1764 4719 et

131 4764 240 4833 quando
258 4764 380 4817 seniores
399 4762 514 4817 honorat
533 4768 564 4815 ut
585 4770 685 4831 potres,
700 4760 786 4830 diligit
799 4757 921 4826 juniores
972 4759 1121 4829 scrrrperad
1139 4766 1240 4814 aeterna
1254 4759 1382 4829 suspirat.
1397 4760 1466 4813 Caro
1481 4757 1637 4826 frequenter
1648 4765 1676 4812 et
1689 4757 1763 4813 curis

130 4860 163 4909 ut
185 4853 293 4908 iratres
307 4853 376 4907 lliuc
396 4854 467 4907 enim
482 4854 579 4907 Petrus
594 4851 731 4920 apostolus
752 4850 809 4903 ait:
824 4848 920 4904 Omnes
973 4854 1254 4922 sollicitudinibusque
1278 4853 1369 4908 sacculi
1393 4858 1543 4921 torquetur,
1561 4850 1696 4906 illecebris
1714 4865 1763 4905 vo-

131 4946 269 5009 lwssomlet
284 4943 475 5011 fraternitatem
489 4942 590 5011 diripite
603 4939 629 5011 (l
642 4938 700 4994 Pet.
714 4939 755 5012 ιι).
767 4939 840 4994 lline
851 4938 921 4994 Pau·
973 4946 1106 5016 luptatum
1127 4947 1285 5016 subripitur,
1303 4945 1393 5000 curnis
1407 4944 1548 4999 desideriis
1569 4942 1760 5009 inflammatur,

131 5036 175 5093 lus
197 5037 323 5091 admonet
345 5035 438 5089 dicens
454 5051 461 5087 :
478 5033 585 5089 Horrore
605 5033 714 5086 inuicem
737 5032 921 5102 prevenientes
974 5039 1065 5093 nivere
1076 5038 1162 5092 otiose
1177 5037 1293 5100 lmtntur,
1308 5035 1447 5107 lethargim
1468 5035 1534 5089 vitio
1548 5042 1688 5106 gratatur,
1702 5049 1762 5089 cor-

130 5126 221 5199 (doru.
246 5125 310 5197 ιιι).
334 5123 454 5180 llouorat
476 5138 540 5194 ergo
562 5138 657 5178 omnes
679 5123 802 5177 homines
825 5137 919 5177 mona·
973 5129 1048 5197 poris
1070 5142 1165 5197 sopore
1188 5126 1362 5197 deprimsstur,
1386 5126 1483 5180 mentis
1506 5125 1617 5181 desidia
1631 5121 1761 5185 inlicitum

130 5216 209 5279 ebus,
222 5202 447 5285 ιιιῐιιὶυθῑιιιθῑὶι
460 5214 611 5283 subiicitur,
626 5213 700 5268 utilis
712 5213 849 5278 omnibus,
864 5227 922 5267 mu·
973 5216 1132 5272 voracitatis
1151 5215 1269 5285 ingluvie
1286 5216 1433 5280 seducitur,
1454 5215 1505 5271 cibi
1522 5224 1551 5271 et
1569 5225 1648 5286 potus
1667 5226 1760 5281 super»

131 5307 229 5361 nilieus
254 5313 282 5360 et
304 5316 397 5376 gratus
421 5305 546 5359 habetur.
574 5302 642 5357 Nom
666 5312 694 5358 et
719 5304 806 5357 bonor
834 5302 920 5358 sacris
974 5306 1076 5362 unitate
1099 5307 1268 5361 distenditur.
1289 5306 1323 5360 Et
1342 5321 1404 5362 eum
1425 5308 1453 5361 in
1475 5307 1517 5361 lris
1537 5304 1662 5361 omnibus
1684 5301 1763 5353 luxu-

130 5395 230 5451 litteris
249 5411 301 5450 non
324 5403 427 5449 tantum
448 5394 475 5448 in
496 5395 704 5449 salutationibus
715 5402 744 5447 ct
759 5393 919 5448 obedientie
971 5396 1044 5451 riose
1066 5395 1196 5461 nutritur,
1214 5395 1248 5449 ad
1262 5394 1447 5453 fornicationis
1461 5394 1603 5450 uelandum
1618 5405 1684 5459 opus
1696 5403 1761 5457 per·

130 5482 401 5547 ollieiisdelercudis,
412 5490 543 5553 quantum
560 5493 588 5537 et
601 5484 628 5538 in
641 5483 828 5553 elecmosynis,
840 5482 919 5539 donis
972 5486 1098 5542 trabitur.
1122 5485 1185 5541 rme
1203 5488 1288 5542 ethis
1311 5488 1409 5543 similia
1433 5486 1552 5555 spiritus,
1573 5481 1619 5551 qni
1634 5479 1762 5551 operibus

131 5592 164 5634 ao
176 5577 334 5633 muneribus
344 5579 501 5649 intelligitur
512 5578 618 5633 dandis.
973 5575 1073 5631 sanetis
1088 5574 1143 5629 Deo
1165 5575 1273 5645 placere
1288 5576 1434 5639 desiderat,
1458 5570 1568 5640 implere
1588 5568 1696 5638 corpori
1712 5583 1762 5623 suo

166 5669 194 5723 9.
212 5667 245 5722 lit
260 5669 330 5740 quod
350 5670 469 5741 siliquis
482 5669 540 5739 fieri
558 5685 608 5723 non
624 5670 685 5734 uult,
702 5668 747 5723 ulii
765 5686 816 5724 tion
838 5669 918 5739 fucint
973 5673 1056 5721 vetat.
1071 5666 1103 5721 Et
1125 5665 1177 5721 boe
1192 5675 1238 5723 est,
1255 5667 1389 5735 abnegare
1410 5661 1583 5729 semetipsum
1597 5658 1662 5722 sibi,
1677 5666 1705 5712 ut
1720 5673 1764 5713 so·
