3810 6120
130 343 180 402 stt

646 323 972 392 30113131313111113.
996 322 1024 378 S.
1047 316 1237 376 uouentem.

1708 306 1762 364 sta

129 461 197 515 qam
211 455 354 511 [sompnum
373 461 515 523 premunt
525 451 626 521 jugiter
641 450 665 503 ei
681 449 818 502 30333333
835 422 921 514 possi-
935 450 961 510 Α
973 435 1032 490 3133
1055 430 1269 487 murmuratione
1290 442 1350 482 eum
1374 424 1509 480 hilaritate
1531 432 1557 478 et
1580 420 1764 477 taciturnitate

130 566 202 607 mus.
228 549 342 617 Propter
366 547 437 600 hanc
458 544 636 614 frequentiam
656 540 787 597 orationis
808 549 836 592 et
859 536 924 590 illud

130 642 199 698 utile
216 646 305 695 estut
324 637 458 707 longiores
476 635 594 705 psalmos
611 648 663 688 non
683 647 767 701 nsque
788 630 821 684 31
844 629 924 683 finem

131 731 289 788 continuata
311 726 541 797 pronuntiatione,
558 723 604 779 sed
619 722 716 791 aequali
739 733 853 774 nurnero
866 732 925 772 rer-

132 835 180 876 sus
197 818 299 874 1131333
311 816 415 871 duahus
430 814 473 868 vel
488 814 573 868 trihus
589 810 765 866 incisionibus
784 822 845 861 cum
864 822 926 861 ora·

134 910 216 967 tionis
241 906 391 963 intentione
419 904 558 967 liniamus;
584 903 647 971 qnia
674 915 729 953 non
755 898 926 953 multitudine

132 1014 271 1060 33333333,
285 997 332 1053 sed
343 995 442 1051 mentis
455 992 631 1063 intelligentia
644 989 773 1045 delectari
786 988 925 1051 dehemus,

133 1090 201 1146 illud
218 1091 318 1144 3131313
337 1092 494 1142 sectantes:
518 1082 636 1138 Paullum
649 1083 755 1153 spiritu,
768 1078 880 1150 psallam
902 1088 926 1132 ct

132 1189 218 1235 aurete
232 1177 258 1250 (1
273 1175 335 1232 Cor.
352 1173 419 1247 333).
478 1238 482 1245 ¹

171 1267 205 1322 Et
218 1267 405 1337 3313313333
418 1264 515 1334 priore,
532 1279 619 1317 ontuec
633 1262 732 1332 3331133
742 1269 861 1330 carpunt.
876 1259 928 1313 lste

134 1372 195 1413 mos
207 1356 257 1411 luit
276 1355 347 1424 3331
360 1353 486 1422 antiquos
504 1351 697 1406 monachorum
710 1365 822 1414 cuneos,
838 1357 867 1403 ut
879 1364 929 1402 au·

134 1448 193 1504 dito
208 1445 417 1515 uniuscujusque
435 1444 511 1498 13333
528 1444 619 1512 signo,
642 1441 767 1496 celeriter
783 1455 877 1495 omncs
894 1438 928 1492 31

133 1541 286 1596 orationem
301 1538 487 1601 conuenirent,
504 1536 620 1590 orationi
635 1534 716 1590 simul
730 1533 927 1595 incumberent,

136 1627 218 1682 simul
232 1634 354 1691 orarent,
371 1635 400 1679 31
414 1625 593 1687 alteratione,
610 1623 682 1678 13313
702 1622 778 1692 signo
791 1636 807 1675 3
826 1620 926 1690 priore,

134 1732 232 1772 omnes
247 1717 349 1787 pariter
367 1725 521 1788 surgerent.
542 1714 620 1769 Modo
636 1729 702 1769 3333
718 1713 774 1784 jam
794 1712 864 1782 apud
879 1725 929 1764 nos

975 525 1097 588 13333131,
1111 523 1215 576 1133313
1231 518 1341 589 lloyse:
1361 516 1439 581 dudi,
1453 512 1549 579 133331,
1564 522 1587 567 31
1602 521 1659 566 1333
1673 510 1764 583 (Dent.

974 633 1013 683 33,
1031 633 1056 670 rr
1071 613 1162 682 3113).
1186 610 1261 666 Unus
1281 609 1392 663 alterius
1411 621 1494 661 onera
1513 611 1616 675 portet;
1638 610 1665 658 et
1687 598 1791 657 nemo'

975 703 1057 758 alium
1072 702 1192 772 judicet,
1206 714 1287 755 nemo
1301 697 1384 751 alium
1400 696 1534 751 detrahat.
1551 693 1619 761 Quia
1634 693 1766 763 scriptum

976 803 1037 848 est:
1055 790 1146 846 Omnia
1158 791 1290 844 detractor
1302 788 1481 842 eradicabitur
1491 784 1582 857 (Pron.
1596 785 1681 854 xxiv).
1694 784 1770 842 Unus

977 886 1011 940 ah
1024 884 1077 938 alio
1090 882 1161 953 quod
1175 898 1227 936 non
1242 882 1323 936 hahet
1339 879 1470 951 accipiat,
1486 895 1555 935 uirus
1570 880 1604 934 ab
1615 878 1668 933 alio
1682 878 1771 934 diseat

977 976 1173 1040 humilitatem,
1190 989 1258 1028 333333
1273 973 1306 1027 ah
1321 972 1374 1026 3113
1391 972 1565 1034 charitatem,
1582 986 1652 1026 unus
1669 972 1703 1025 ah
1717 971 1770 1025 3113

977 1068 1146 1138 patientiam,
1159 1082 1228 1121 unus
1239 1067 1273 1121 ab
1284 1065 1337 1120 alio
1347 1064 1495 1130 silentium,
1507 1079 1577 1117 uirus
1587 1064 1621 1117 ah
1634 1061 1687 1117 alio
1699 1078 1772 1115 man·

978 1156 1157 1213 suetudinem.
1173 1154 1322 1211 Comedant
1334 1154 1393 1209 siue
1407 1152 1515 1222 querela
1530 1152 1660 1222 quidquid
1675 1151 1715 1207 cis
1729 1167 1774 1222 ap·

978 1250 1095 1321 positum
1115 1248 1207 1315 luerit,
1220 1248 1345 1303 restium.
1354 1247 1426 1316 quod
1437 1245 1601 1316 acceperint.
1614 1244 1671 1299 Non
1684 1244 1773 1299 celent

979 1343 1078 1396 1331333
1092 1339 1201 1395 decanis
1219 1339 1276 1395 suis
1288 1339 1417 1408 quidquid
1432 1354 1479 1408 per
1494 1338 1613 1407 singulos
1627 1337 1683 1392 dies
1697 1337 1772 1409 eogi-

980 1434 1107 1490 taverint.
1129 1431 1228 1488 1133331
1244 1447 1308 1487 3333
1327 1433 1381 1486 3131
1400 1431 1440 1485 313
1453 1430 1529 1501 quasi
1547 1436 1666 1484 33313333
1683 1439 1712 1485 31
1724 1446 1772 1487 eu-

980 1531 1087 1595 stodes,
1106 1539 1235 1601 tamquam
1252 1545 1301 1600 333
1316 1529 1381 1599 13313
1397 1528 1530 1583 rationem
1549 1527 1664 1581 1133331333
1682 1526 1774 1582 33111-

981 1621 1046 1675 1331.
1074 1620 1256 1691 Negligentias
1280 1627 1440 1675 cunctorum
1467 1618 1518 1689 ipsi
1543 1617 1723 1690 praevideant,
1747 1626 1775 1671 31

980 1715 1141 1770 3333313311
1163 1723 1323 1787 potestatem
1347 1710 1479 1781 habeant,
1503 1725 1530 1769 et
1552 1715 1624 1784 qnod
1646 1715 1696 1785 ipsi
1720 1730 1773 1770 non

135 1807 216 1862 aliter
228 1816 309 1876 atque
321 1807 401 1861 aliter
414 1807 537 1861 hahetur.
552 1803 657 1872 Quanto
670 1803 741 1859 euim
755 1817 805 1857 nos
817 1801 927 1857 serotini
944 1818 967 1876 B
981 1804 1115 1860 3313331331
1134 1808 1296 1871 emendare,
1310 1807 1456 1876 praeposito
1471 1823 1524 1864 nou
1540 1816 1680 1862 morentur
1694 1821 1776 1863 aecu-

135 1899 321 1970 aprimitivis,
342 1906 417 1952 tauto
435 1898 540 1968 longius
555 1897 618 1951 ritu
636 1895 734 1950 merito
755 1895 790 1949 ah
809 1893 928 1962 antiquis

136 1989 271 2044 distamus
288 1988 422 2044 Patribus.
436 1988 477 2042 lili
491 1988 563 2043 enim
578 1995 656 2042 erant
671 1984 927 2056 3313113133333133,

137 2079 430 2143 [13331333333133133;
446 2094 496 2133 nos
514 2086 603 2132 autem
619 2077 700 2146 tepidi
715 2085 743 2130 31
762 2091 814 2129 333
830 2073 928 2130 similia

137 2171 289 2235 1331333133,
318 2186 412 2225 sumus
438 2179 527 2224 tauron
554 2170 582 2223 in
611 2166 795 2223 misericordia
823 2164 928 2221 Domini

136 2268 287 2332 sperantes.

431 2328 545 2385 CAPUT
565 2327 635 2382 xxi.

368 2438 406 2493 De
420 2440 525 2494 decania
539 2436 700 2491 urorrustcrii.

98 2578 108 2597 ·
174 2552 204 2608 St
218 2550 304 2621 major
320 2550 399 2621 fuerit
416 2547 591 2617 conpreqntt'o,
603 2545 732 2615 3113331313
746 2542 778 2595 de
791 2542 853 2611 13313
873 2540 929 2609 sru-

137 2653 191 2697 1333
205 2641 265 2694 horti
277 2638 416 2693 testimonii
426 2647 451 2691 et
462 2645 560 2691 sanctu
572 2633 786 2698 conuersationis,
798 2641 822 2684 31
835 2631 932 2683 333311-

138 2739 250 2787 tuantur
262 2729 354 2782 3133331
365 2742 374 2779 .·
386 2728 431 2797 qui
444 2725 647 2780 sollicitudinem
661 2732 751 2792 3333311
765 2736 843 2791 super
854 2720 932 2772 deco·

138 2821 200 2875 33133
211 2836 274 2874 31133
287 2819 314 2871 itt
328 2817 457 2881 3333311313,
471 2814 615 2870 recondunt
626 2813 752 2867 utendam
766 2811 814 2865 Dei
827 2819 852 2863 et
865 2825 932 2879 prte-

979 1909 1051 1952 sare.
1066 1896 1117 1963 Qui
1131 1905 1158 1951 et
1172 1897 1223 1968 ipsi
1239 1897 1375 1967 praepositi
1389 1898 1428 1952 sie
1441 1897 1492 1952 hoc
1507 1897 1632 1953 districte
1645 1905 1674 1952 ct
1688 1897 1773 1952 ratio·

980 1986 1107 2042 nahiliter
1121 1996 1218 2059 agant,
1238 1997 1269 2042 ut
1282 1989 1393 2044 ahhates
1406 2004 1470 2045 suos
1489 1989 1562 2043 nullo
1580 1990 1660 2044 modo
1673 2004 1775 2060 praesu·

980 2086 1056 2131 mant
1077 2079 1240 2148 inquietare,
1260 2087 1373 2148 excepto
1393 2079 1426 2134 de
1446 2079 1568 2150 hisque
1590 2080 1698 2149 utrique
1720 2095 1773 2142 non

980 2167 1116 2223 valuerint
1135 2170 1298 2237 accelerare,
1319 2180 1348 2226 et
1367 2172 1394 2226 iu
1416 2170 1468 2227 hoe
1487 2187 1557 2227 uuus
1571 2172 1650 2227 alteri
1672 2182 1775 2227 tantam

980 2261 1160 2316 humilitatem
1175 2263 1284 2327 haheat,
1298 2272 1327 2316 ut
1341 2277 1478 2332 nunquam
1494 2261 1584 2317 nullus
1596 2261 1679 2317 ullum
1691 2261 1776 2318 olien-

980 2357 1043 2420 rlat,
1061 2354 1108 2410 scd
1124 2370 1193 2410 unus
1207 2355 1234 2409 in
1250 2355 1335 2410 altero
1348 2363 1477 2424 tanquam
1495 2355 1617 2425 impenso
1630 2354 1776 2424 persistat,

944 2500 946 2504 3
982 2444 1519 2514 11333133133331331333313,13333113
1534 2447 1696 2516 3333331113,
1709 2461 1777 2517 prae·

981 2545 1061 2613 positi
1077 2545 1104 2598 13
1121 2545 1275 2610 abhatibus,
1289 2559 1360 2600 unus
1375 2543 1455 2599 alium
1469 2553 1592 2613 portans,
1607 2554 1736 2615 tanquam
1750 2545 1777 2600 in

983 2650 1061 2689 333333
1079 2635 1180 2704 1331133
1193 2636 1333 2705 quadrati,
1347 2635 1476 2704 13331313
1490 2643 1636 2692 attestante
1649 2636 1720 2692 sient
1733 2652 1777 2693 su-

983 2742 1031 2797 pra
1045 2745 1052 2779 ·.
1068 2726 1143 2782 Unus
1157 2725 1269 2780 31133133
1282 2741 1364 2781 onera
1377 2732 1527 2796 portantes,
1543 2726 1583 2781 313
1595 2727 1778 2796 adimplebitis

983 2817 1068 2889 legem
1083 2816 1183 2872 Christi
1199 2813 1269 2886 (Gal.
1284 2814 1333 2885 31).

138 2921 214 2982 cepta
228 2908 329 2963 3113113
343 2910 394 2962 sui.
413 2907 551 2975 Praecpta
564 2905 636 2960 enim
649 2903 755 2958 abbatis
768 2899 932 2955 3333331313
1019 2905 1121 2976 Quique
1133 2905 1225 2959 decani
1238 2906 1260 2959 si
1274 2921 1306 2959 a
1318 2906 1355 2959 et,
1371 2904 1461 2976 aitqua
1480 2904 1546 2974 [aare
1565 2905 1673 2975 333333,
1685 2921 1778 2977 mppr.

139 3018 203 3058 cum
224 3002 329 3056 Domini
351 3000 448 3055 debent
462 2998 611 3073 mandatis;
630 3003 658 3050 31
675 2996 734 3049 ileo
755 2993 808 3048 illis
830 2991 933 3062 3331133
984 2997 1027 3053 hia
1043 3005 1160 3067 repertur
1174 2997 1254 3066 suerit
1272 2996 1492 3067 reprehensihilia,
1506 3006 1639 3067 correptus
1651 2997 1742 3063 renui,
1754 3005 1778 3051 31

140 3093 254 3156 demi,
273 3092 376 3161 11111111
393 3101 421 3144 θῑ
438 3089 484 3144 alii
499 3088 687 3156 Oblssmllssfflle
709 3084 808 3139 11111111
821 3081 930 3138 subditi·
982 3087 1091 3152 iterum,
1112 3085 1565 3153 31133113,31331331333331313311,
1582 3086 1740 3156 1311313133ς
1754 3095 1778 3141 et

140 3182 210 3236 llam
223 3182 323 3238 33111111
338 3182 458 3247 decanis,
473 3188 499 3233 et
516 3172 609 3235 decani
627 3179 726 3233 dehent
741 3176 851 3231 ohedire
863 3182 968 3246 prae-(1
985 3177 1053 3233 ulter
1066 3177 1095 3231 in
1113 3175 1170 3231 loca
1184 3177 1252 3246 eiua,
1268 3177 1313 3247 qui
1331 3176 1426 3247 113333
1443 3185 1498 3241 331,
1514 3176 1677 3247 subrepatur.
1698 3175 1780 3231 11113

141 3273 249 3344 positis,
269 3279 298 3326 et
320 3271 409 3326 omnis
431 3270 510 3326 simul
534 3267 705 3339 congregatio
725 3265 831 3322 abbatis
854 3266 935 3321 dehet
984 3269 1427 3341 prepositocademconstituimus.
1440 3268 1500 3323 Non
1514 3269 1587 3325 enim
1600 3269 1780 3339 superbi,sed

140 3363 331 3432 obtenperare
345 3361 497 3432 preceptis.
515 3360 614 3416 1133331
634 3361 706 3415 33133
726 3360 801 3429 33133
819 3358 884 3412 11311
901 3358 934 3411 ah
984 3359 1101 3414 humiles
1113 3373 1174 3413 esse
1186 3358 1286 3413 dehent
1299 3359 1344 3428 qui
1361 3358 1429 3414 31133
1441 3359 1588 3429 corrigere,
1604 3360 1738 3429 castigare
1751 3367 1779 3413 et

140 3465 175 3506 3ο
189 3452 260 3520 quod
273 3451 365 3506 decem
379 3451 510 3505 militibus
522 3449 728 3520 praesumentum
751 3447 831 3503 33313
844 3455 933 3502 antean

141 3551 170 3597 31
186 3543 232 3611 qui
246 3542 356 3606 133313,
376 3550 403 3596 31
423 3541 468 3610 qui
487 3541 610 3611 pluribus
627 3539 816 3610 prtelcruntur,
837 3537 933 3592 decani

143 3639 284 3685 33333133.
301 3630 399 3685 1133331
418 3640 507 3685 autem
527 3631 679 3686 sollicitudo
696 3641 725 3685 et
743 3629 860 3684 eruditio
876 3629 934 3682 hauc

142 3722 196 3775 crit
206 3736 271 3790 erga
282 3737 469 3792 quemcunque
485 3737 564 3793 quem
577 3722 628 3775 sihi
645 3720 679 3775 ah
693 3721 791 3776 ahhute
805 3718 932 3773 traditum

142 3812 309 3880 susceperit,
321 3821 351 3866 ut
364 3812 458 3867 doceat
471 3827 533 3866 eum
545 3812 671 3883 primitus
687 3827 749 3866 snas
761 3811 869 3865 vincere
885 3824 933 3863 ro·

143 3900 270 3966 13313133,
282 3904 309 3957 13
329 3903 507 3973 quibuscum
527 3903 669 3973 diligenter
689 3917 829 3964 exercens,
851 3900 894 3954 illa
909 3900 933 3954 ei

142 4001 251 4056 semper
261 3987 294 4042 de
305 3988 438 4043 industria
450 3989 564 4060 imperet
574 4003 634 4057 quae
647 3989 763 4043 senserit
776 3989 866 4042 anirno
876 3987 934 4057 ejus

141 4090 205 4131 esse
227 4078 373 4132 contraria.
398 4078 466 4145 Quia
490 4080 582 4135 rnuttts
603 4080 655 4133 hoc
675 4078 867 4148 experimentis
887 4080 935 4131 13-

141 4176 216 4222 ctum
235 4176 293 4234 est,
312 4183 447 4238 nonquam
461 4186 540 4238 posse
555 4171 718 4225 monachum
731 4185 794 4224 snas
807 4170 935 4239 eoncupi-

141 4259 261 4313 scentius
274 4258 423 4326 refrenare,
436 4262 486 4316 nisi
502 4262 576 4331 prius
585 4277 636 4331 per
646 4262 827 4317 obedientiam
840 4264 934 4317 morti·

142 4347 224 4402 tieare
236 4364 299 4403 suus
311 4350 435 4405 didicerit
446 4351 607 4412 noluntates,
622 4365 672 4406 nec
685 4350 783 4421 poterit
796 4352 874 4416 iram,
887 4361 934 4406 aut

142 4439 290 4503 tristitiam,
301 4450 348 4494 ant
357 4442 480 4511 spiritum
492 4442 679 4499 fornicationis
688 4443 871 4513 exstinguere,
883 4458 933 4498 nee

985 3430 1015 3502 in'
1027 3449 1154 3504 omnibus
1171 3447 1307 3502 custodire
1324 3447 1432 3502 dehent.
1455 3449 1573 3504 Proinde
1590 3449 1709 3519 primum
1728 3449 1779 3520 ipsi

984 3538 1096 3593 abbates
1114 3553 1175 3593 cum
1198 3538 1254 3591 suis
1274 3539 1427 3608 praepositis
1452 3547 1534 3609 atque
1553 3540 1664 3596 1333313
1680 3549 1780 3597 3331131-

985 3627 1781 3702 ipsosdiscntiant,etinstarsuijuniorcsarguant,etomue

985 3716 1087 3772 militiae
1102 3716 1265 3774 lermeotum
1281 3735 1296 3773 a
1310 3721 1392 3775 corde
1406 3721 1537 3778 radicitus
1549 3723 1683 3790 evellant,
1697 3733 1725 3780 et
1739 3725 1781 3782 313

985 3811 1052 3866 31133
1065 3812 1179 3867 11333313
1189 3812 1264 3868 33313
1277 3813 1387 3868 31311113
1399 3814 1551 3886 implicatos
1562 3817 1707 3888 castigare,
1719 3833 1784 3873 cor·

985 3901 1075 3972 rigere
1089 3911 1116 3956 et
1128 3903 1274 3959 emendare
1288 3905 1468 3971 contendant,
1484 3905 1512 3959 id
1529 3915 1585 3972 est,
1607 3908 1630 3962 sl
1644 3907 1781 3963 audierint

985 3993 1098 4050 lratrem
1118 4012 1171 4051 nou
1191 3997 1386 4068 interrogatum
1406 3998 1495 4067 loqui,
1517 4008 1720 4055 moneanteum
1737 4001 1781 4057 tt·
1838 3997 1842 4004 ’

985 4094 1079 4140 333133
1097 4085 1190 4152 :Quid
1213 4086 1284 4157 agis,
1308 4085 1402 4151 133133,
1428 4088 1500 4158 quod
1522 4089 1614 4160 regula
1636 4091 1782 4159 prohibet?

986 4178 1085 4233 13311313
1099 4178 1314 4232 taciturnitatem
1326 4179 1457 4248 usquead
1469 4180 1719 4247 interrogationem.
1732 4181 1781 4237 1113

985 4285 1047 4324 cum
1060 4269 1194 4340 Propheta
1208 4290 1214 4324 :
1228 4267 1313 4334 Pone,
1326 4270 1447 4335 11331133,
1461 4271 1608 4326 custodiam
1621 4272 1741 4339 3313333,
1756 4285 1781 4327 et

985 4362 1080 4415 ostium
1107 4362 1311 4416 circumstantia·
1333 4360 1410 4416 1311113
1432 4362 1512 4426 33313,
1543 4378 1596 4416 333
1614 4362 1713 4418 delium
1735 4380 1782 4418 cor

985 4468 1071 4505 areum
1086 4453 1115 4506 in
1133 4454 1210 4505 33313
1225 4451 1334 4507 mulitia
1349 4451 1436 4524 (Psoi.
1450 4454 1522 4525 cut).
1540 4453 1638 4510 Sedent
1653 4470 1735 4526 snper
1747 4470 1780 4512 33
1866 4494 1868 4499 ·

140 4546 202 4584 cum
216 4530 346 4611 lratrihus
360 4534 537 4588 innnilitatem
549 4532 654 4587 1333333
669 4543 879 4606 perpetuamque
892 4534 973 4593 33-11
987 4551 1061 4595 tuum
1073 4541 1215 4610 sapientia,
1227 4557 1289 4596 eom
1305 4542 1380 4598 31333
1392 4542 1506 4614 justitiae
1520 4552 1548 4598 et
1563 4544 1668 4608 timoris
1682 4545 1781 4612 13131

141 4622 239 4686 tinere,
256 4639 305 4678 nec
319 4612 569 4695 incongregatione
582 4627 682 4681 diutius
697 4643 873 4697 permanere,
887 4627 932 4699 qui

139 4715 217 4783 prius
230 4715 381 4772 rohmtates
394 4733 456 4772 suas
469 4735 521 4772 non
536 4718 658 4774 didicerit
671 4733 810 4788 superare,

176 4807 229 4873 Qrti
244 4807 336 4862 decani
352 4808 416 4863 tales
429 4808 560 4880 eliquatur
576 4810 604 4862 iu
621 4809 715 4879 quibus
729 4825 835 4862 securus
853 4807 933 4861 31133

138 4901 273 4971 partiatur
292 4916 371 4954 onero
389 4918 448 4955 3333.
468 4901 502 4954 Et
524 4918 575 4955 non
592 4900 724 4972 eliquantur
741 4917 787 4970 333
802 4901 932 4966 ordinem,

137 4990 184 5044 ced
202 4991 346 5045 secundum
365 4992 422 5045 31133
439 4992 563 5046 meritant
578 5001 601 5046 31
621 4991 756 5061 sapientire
774 4991 930 5044 doctrinam.

140 5082 259 5145 1133331,
276 5082 323 5151 qui
339 5097 421 5151 super
435 5083 563 5137 decanias
578 5090 641 5137 sunt
659 5081 815 5145 coristituti,
831 5089 934 5134 tautam

139 5170 352 5225 sollicitudinem
372 5180 468 5242 gerant
486 5187 567 5241 super
584 5187 713 5240 eosquos
731 5171 869 5241 delegatos
884 5171 933 5224 ha-

140 5259 207 5314 hent
230 5258 345 5325 1331333,
368 5269 397 5316 31
417 5262 505 5317 nullus
524 5262 649 5332 proprias
671 5263 753 5317 iaciat
774 5261 933 5317 voluntates.

138 5349 200 5406 Non
213 5351 360 5422 loquantur
374 5354 424 5408 nisi
438 5356 607 5426 interrogati,
620 5371 668 5410 suo
683 5355 795 5409 arhitrio
811 5354 877 5408 nihil
894 5353 934 5407 la·

137 5443 214 5499 ciant
226 5444 278 5497 nisi
294 5445 431 5508 mandati,
448 5445 511 5499 alihi
525 5461 578 5499 non
591 5457 721 5517 pergant,
736 5447 787 5502 nisi
803 5446 932 5501 ordinati.

138 5531 272 5590 Seniores
293 5535 408 5591 timeant
426 5546 457 5591 ut
475 5538 609 5604 dominos,
632 5547 725 5594 ament
745 5546 775 5592 ut
794 5545 932 5607 parentes,

137 5623 243 5682 1331331
258 5626 388 5696 quidquid
402 5627 437 5682 ab
457 5629 497 5682 cis
512 5628 673 5698 imperatum
687 5628 850 5698 acceperint.
867 5625 933 5681 Cre-

139 5721 206 5778 tarn
221 5718 273 5774 sihi
286 5719 420 5786 salutare,
436 5720 565 5790 quidquid
578 5723 616 5778 illi
633 5723 826 5794 praeceperint,
845 5721 867 5775 si
883 5720 935 5774 hoe

264 5816 403 5878 Parnon.
425 5819 493 5881 Cll.

987 4631 1045 4701 ipsa
1060 4631 1138 4686 honis
1153 4631 1269 4702 eloquiis
1282 4634 1398 4704 aperiat,
1412 4641 1440 4688 et
1453 4635 1532 4690 malis
1544 4635 1660 4707 eloquiis
1672 4637 1781 4694 31333131

985 4717 1056 4773 lahia
1075 4709 1141 4774 tuas
1151 4719 1180 4774 si
1196 4722 1371 4778 mentientem
1386 4724 1522 4778 audierint
1539 4724 1668 4793 lratrem,
1683 4728 1778 4784 admo-

985 4819 1067 4864 neant
1078 4827 1141 4866 eum
1149 4812 1285 4867 dicentes:
1295 4813 1364 4880 Quid
1376 4815 1510 4879 mentiris,
1519 4813 1622 4870 irater?
1635 4819 1777 4873 eumacius

986 4900 1117 4969 scriptum
1130 4921 1135 4953 :
1150 4901 1187 4956 03
1201 4903 1271 4972 quod
1284 4904 1409 4958 mentitur
1421 4904 1515 4958 occidit
1528 4906 1644 4960 animam
1657 4906 1733 4979 (Sap.
1746 4909 1778 4981 ι).

986 4990 1027 5054 Et,
1041 4991 1139 5047 Perdes
1152 4995 1296 5064 omnesqui
1308 4993 1450 5065 loquuntur
1461 4996 1626 5052 menducium
1638 4997 1725 5071 (Psoi.
1738 5002 1778 5072 3).

988 5090 1015 5144 Si
1041 5088 1177 5143 audierint
1200 5086 1311 5142 fratrem
1338 5088 1451 5143 multum
1471 5087 1626 5157 jurantem,
1651 5101 1780 5148 moneant

986 5195 1048 5235 eurn
1061 5180 1196 5233 dieentes:
1209 5177 1317 5242 11311333,
1331 5177 1427 5245 irater,
1440 5180 1558 5251 linguam
1580 5184 1667 5237 tuam!
1684 5182 1778 5253 utquid

983 5269 1078 5340 juras?
1092 5285 1153 5323 cum
1175 5267 1307 5338 seriptum
1323 5268 1359 5324 sit
1378 5287 1385 5322 ι
1408 5268 1471 5324 Non
1485 5270 1591 5340 jurabis
1610 5270 1776 5341 3333311131,

985 5358 1047 5428 quio
1061 5358 1135 5411 aeder
1146 5355 1195 5409 1131
1211 5365 1263 5420 331,
1278 5373 1359 5427 neque
1371 5372 1417 5426 333
1433 5367 1546 5423 terrum,
1560 5358 1622 5428 quia
1635 5355 1776 5410 3331311331

985 5447 1080 5517 pedum
1092 5447 1147 5517 ejus
1158 5456 1294 5517 3333333313
1304 5464 1350 5517 per
1360 5458 1438 5519 caput
1448 5445 1775 5514 nestorianaeque..

986 5538 1032 5593 sed
1045 5539 1078 5591 311
1091 5553 1175 5591 sermo
1187 5547 1269 5591 333133
1282 5547 1331 5601 331,
1346 5547 1395 5603 331,
1412 5551 1545 5601 nou,.neu
1560 5533 1667 5604 (113111.
1726 5550 1743 5587 r
1754 5532 1777 5608 ).

982 5629 1017 5685 ·Si
1038 5630 1156 5685 viderint
1177 5629 1351 5694 irascentem,
1375 5627 1538 5681 admoneant
1559 5638 1620 5677 euro
1635 5622 1777 5682 dicentes:

988 5721 1056 5788 Quid
1069 5721 1137 5791 agis,
1148 5718 1284 5777 1333133113
1296 5715 1501 5773 33333331311333
1513 5713 1776 5788 3131331131333333

1516 5809 1555 5869 17
