3810 6120
130 223 201 281 ,ooo
769 213 906 301 uorrrn
926 213 1123 275 ntsronaca.
1694 220 1764 279 roro

129 340 261 403 mutuala
277 335 304 391 la
322 336 438 393 circuitu
454 334 550 396 altaris
563 333 623 391 alba
635 333 795 399 holoserica,
812 350 845 391 ex
859 332 920 405 qui·
932 338 959 399 Α
971 351 1053 410 uapor
1068 335 1219 393 Saburram
1232 335 1297 393 tecit
1310 344 1414 393 emtam
1426 336 1538 393 salicam
1553 338 1702 410 alytbinam
1714 341 1765 394 ba-

128 416 277 471 busunum
292 407 373 463 hahet
395 407 424 463 in
447 406 536 463 medio
560 402 681 461 tabulam
702 417 764 461 cnm
786 416 868 461 cruce
886 404 919 459 de
970 409 1079 465 benum
1094 404 1121 461 iu
1137 402 1227 461 medio
1242 404 1359 461 tabulam
1373 405 1407 462 de
1420 405 1600 477 chrysoclavo
1619 411 1766 480 crssupem

128 479 315 555 chrysoclavo·
342 476 401 533 111111
419 486 447 533 et
469 478 498 532 in
519 475 614 532 eadem
635 473 747 532 basilios
769 471 921 530 8111110111
969 476 1279 553 dystdeetnysoetam.
1293 474 1764 535 Necnonctinmonastcrinsaneti

130 551 239 611 ltomiui
260 550 348 606 nostri
366 548 433 604 iesu
448 546 550 605 Christi
570 545 711 604 renovarit
730 543 815 600 altare
833 544 922 615 maius
971 546 1107 604 Pancratii
1123 547 1176 601 sito
1188 555 1250 617 post
1260 544 1399 601 basilicam
1413 546 1580 609 Salvator-is,
1598 565 1680 619 utram
1697 549 1768 605 Corr-

129 626 235 681 miaen
300 618 580 675 itudiuisdeooratnm
598 630 665 672 exa
698 614 921 689 entepurissimo
971 619 1168 675 nutdniauam
1187 624 1293 680 secant,
1314 616 1379 673 tecit
1398 626 1501 673 restem
1516 618 1549 675 ds
1568 620 1690 675 lundata.
1719 619 1776 675 llic·

128 701 262 820 pensante
284 691 356 746 ibras
371 688 513 771 sexaginta
526 696 554 743 et
567 702 673 743 norem.
707 685 763 741 ecit
771 694 800 741 et
811 685 839 739 io
849 685 923 741 basi·
971 688 1038 745 lecit
1048 689 1128 744 beato
1138 684 1219 744 l‘etro
1232 687 1355 757 apostolo
1367 685 1467 742 lauteri
1477 705 1526 745 sao
1535 689 1673 772 euangelia
1686 706 1770 746 arima

139 784 149 819 i

151 779 182 819 ea
199 766 306 817 Sancta
318 758 525 817 Dchemtricis
541 758 575 813 ad
591 756 680 812 Praese
728 762 831 812 vestem
845 754 924 826 chry-
972 774 1036 815 cnm
1058 757 1173 831 geunnis
1197 757 1314 828 prmiuis
1342 767 1422 827 atque
1448 758 1632 830 layaeintbints
1652 768 1679 815 et
1701 761 1771 815 alliis

131 834 267 892 sociatum
283 846 344 886 cnut
358 829 516 900 margaritis
529 836 664 890 ornatam,
700 827 825 881 attentem
837 825 923 885 histo-
973 829 1051 885 urire
1064 827 1258 899 magnitudinis
1273 828 1300 883 in
1320 828 1434 883 circuitu
1451 839 1546 884 ornata
1559 871 1568 895 ,
1581 831 1723 900 pensantia
1738 830 1771 884 ii-

132 907 200 963 riam
224 900 371 957 bondmea
395 899 554 955 nativitatis.
580 896 667 953 Sinoni
692 897 775 951 etiam
798 903 925 951 staretis
973 900 1039 955 bras
1048 897 1296 969 decentctscptcm
1306 907 1333 953 et
1344 899 1438 955 uncias
1450 909 1576 968 pransor.
1589 900 1639 955 llic
1649 899 1714 956 lecit
1724 916 1771 957 ca·

132 972 200 1030 alares
214 988 248 1028 ex
264 969 416 1042 argenteio
430 967 600 1040 presbyterio
620 982 683 1022 eum
706 965 842 1023 columnis
857 979 925 1037 qua·
974 968 1053 1026 licent
1071 984 1183 1023 aureum
1194 969 1359 1038 prraccipuum
1370 969 1486 1025 dirersis
1496 980 1623 1027 ornatum
1639 969 1772 1040 lapidibus

132 1056 206 1106 assor.
220 1051 248 1097 et
259 1040 327 1096 snos
339 1039 550 1109 orosssqotnqoo
561 1037 801 1108 poosonosttbsss
814 1043 924 1092 centurn
975 1039 1104 1112 pretiosis
1116 1048 1274 1108 pensamus
1287 1038 1372 1095 tttsas
1392 1040 1487 1107 saginat
1502 1051 1574 1097 soto.
1590 1039 1724 1097 sinantur
1744 1050 1772 1094 u

133 1115 244 1185 triginta
257 1120 285 1167 ct
296 1120 362 1165 tres.
380 1108 452 1165 idem
465 1123 531 1164 vem
542 1108 695 1178 praecipuus
709 1104 884 1177 prasuilecit
897 1104 925 1160 in
975 1118 1096 1181 pateram
1108 1124 1217 1164 astream
1229 1120 1386 1179 pensarrtom
1401 1109 1485 1166 libras
1499 1113 1593 1185 rigiuti
1607 1120 1670 1166 octo
1682 1119 1711 1166 et
1720 1126 1772 1167 on-

132 1183 247 1241 basilica
271 1181 379 1236 Sanctae
399 1179 448 1234 Dei
467 1177 613 1234 Genitricis
632 1176 665 1233 ad
684 1176 810 1247 Praesepe
823 1184 926 1233 restem
977 1181 1034 1237 cias
1046 1193 1153 1234 nouem.

135 1255 247 1309 rubeam
266 1250 427 1322 alytbinam,
444 1249 589 1305 habentem
605 1248 632 1303 in
652 1246 742 1303 medio
761 1245 879 1302 tabulam
893 1244 929 1301 de
1013 1249 1074 1305 Pari
1087 1248 1168 1304 modo
1179 1249 1206 1303 in
1220 1249 1331 1307 basilica
1342 1250 1428 1320 ipsius
1438 1252 1552 1322 apostoli
1564 1251 1630 1307 feeit
1642 1251 1774 1307 cherubin

134 1321 314 1396 chrysoclavo
328 1336 390 1376 cum
405 1319 520 1376 historia
534 1317 639 1374 Domini
651 1318 738 1374 nostri
749 1316 814 1373 iesu
825 1314 928 1373 Christi
976 1337 1012 1378 ex
1027 1328 1140 1392 argento
1165 1320 1312 1389 purissimo
1330 1322 1480 1377 deauratos
1498 1322 1688 1392 occasionum
1701 1329 1776 1375 statu

134 1404 165 1450 ct
177 1392 265 1449 saneti
283 1389 429 1456 Simeonis,
445 1389 553 1459 quando
566 1388 595 1444 in
610 1388 710 1459 templo
724 1397 767 1444 est
778 1398 928 1457 prasenta-
978 1406 1061 1461 super
1074 1390 1163 1461 capita
1183 1388 1371 1445 columnarum
1389 1401 1579 1464 argenteorum
1596 1408 1659 1449 cum
1672 1392 1775 1448 ciborio

136 1462 282 1521 sosibio
299 1461 415 1518 circuitu
435 1459 526 1517 tistam
546 1456 784 1530 dechrysoctavo.
801 1455 858 1514 Nec
872 1472 928 1512 noa
1013 1469 1125 1517 neantes
1152 1459 1235 1517 libras
1263 1463 1410 1532 nonaginta
1433 1472 1461 1518 et
1486 1470 1551 1518 tres.
1577 1463 1651 1517 l'ccit
1687 1476 1777 1531 uoryrrc

135 1541 167 1590 et
185 1531 266 1589 aliam
285 1540 389 1588 restem
402 1528 608 1613 chrysorhoam
623 1528 770 1585 habentem
786 1525 929 1608 historiam
980 1531 1051 1588 adem
1065 1531 1218 1601 precipuus
1238 1531 1336 1601 praesul
1357 1534 1402 1590 ubi
1421 1547 1503 1601 supra
1519 1534 1663 1601 imaginent
1720 1531 1777 1585 ira·

137 1604 270 1659 transitus
289 1600 397 1656 Sanctae
412 1601 460 1656 liet
473 1599 619 1656 Genitricis
638 1599 715 1654 mirac
735 1595 929 1668 magnitudinis
981 1601 1183 1663 rorissimam,
1199 1617 1260 1670 utrae
1274 1611 1329 1657 stat
1345 1603 1371 1655 ia
1385 1603 1462 1657 trabe
1475 1604 1718 1675 superingressum
1731 1616 1777 1655 se-

136 1683 167 1731 ct
185 1671 393 1743 pulchritudinis
410 1670 565 1727 decoratam
576 1684 609 1725 cx
639 1669 737 1724 ommis
750 1666 887 1738 pretiosis,
901 1674 930 1722 et
943 1687 968 1746 Β
980 1668 1086 1737 stibuli,
1099 1679 1258 1736 pensantem
1268 1670 1352 1728 libras
1362 1674 1530 1742 septuaginta
1542 1682 1570 1727 et
1581 1688 1688 1729 rnorem.
1703 1670 1779 1752 Fecit

139 1742 297 1817 ratargaritis
319 1750 442 1796 ornatam
461 1755 524 1796 cum
545 1686 673 1864 pericfpsi
692 1739 724 1794 dc
742 1735 928 1819 chrysoclavo,
983 1750 1076 1798 autem
1089 1740 1116 1796 in
1131 1741 1243 1797 basilica
1256 1742 1479 1799 doctorismnudi
1491 1744 1563 1800 beati
1575 1743 1652 1801 Pauli
1663 1741 1778 1823 apastob

138 1820 167 1869 ct
180 1814 206 1869 iu
228 1810 343 1868 circuitu
363 1811 454 1867 listam
469 1811 502 1868 de
518 1810 705 1881 chrysocavo.
726 1808 827 1864 Verum
848 1814 931 1861 ctiam
983 1811 1093 1881 angelos
1114 1826 1148 1866 ea·
1164 1821 1278 1880 argento
1299 1813 1446 1881 purissimo
1460 1814 1607 1871 deauratos
1625 1814 1707 1873 duos,
1730 1827 1778 1881 otu

139 1894 168 1941 ct
182 1885 209 1939 in
222 1882 347 1939 diaconia
361 1880 447 1953 ipsius
464 1880 512 1937 net
526 1879 667 1951 genitricis
685 1878 800 1936 dominae
819 1888 931 1943 anostra,
981 1882 1141 1952 staatjuxta
1152 1881 1297 1952 imaginem
1309 1881 1458 1939 Salvmoris
1470 1885 1496 1939 iu
1507 1885 1533 1939 iu
1552 1901 1631 1941 rcssu
1641 1882 1777 1946 uestibuli,

161 1969 201 2009 stac
217 1951 533 2024 appellaturiionduiea,
552 1946 615 2005 lecit
630 1958 734 2005 vestem
749 1949 860 2005 rubeam
875 1946 933 2019 aly·
981 1961 1128 2022 pensantes
1145 1952 1230 2027 libras
1244 1954 1498 2009 ecutumetsemis.
1547 1969 1624 2010 curm
1644 1953 1729 2009 uiam
1749 1962 1779 2006 et

138 1970 244 2080 atinam
268 2022 414 2077 habentem
428 2023 455 2077 in
469 2019 560 2076 nredio
571 2019 690 2075 tabulam
708 2019 741 2075 dc
754 2018 932 2091 chrysoclavo
982 2020 1177 2094 policandilum
1200 2022 1452 2148 {polyeandelnmp
1470 2025 1691 2095 porphyreticum
1714 2037 1780 2092 pen-

139 2109 202 2149 eum
224 2091 338 2149 historia
352 2089 473 2160 ejusdem
494 2090 541 2145 liei
579 2090 702 2145 enitricis
721 2104 755 2144 ex
777 2088 934 2159 margaritis
982 2094 1093 2148 dentem
1116 2092 1143 2148 iu
1168 2093 1281 2163 pergula
1304 2101 1368 2150 anm
1384 2095 1585 2151 eoncssionem
1602 2096 1629 2149 in
1647 2090 1780 2149 cabnrdis

141 2172 278 2228 ornatam,
299 2171 327 2217 et
344 2161 490 2233 periclysin
504 2159 538 2216 de
548 2106 736 2242 chrysoclavo.
750 2158 827 2215 Fecit
840 2168 932 2214 autem
983 2163 1084 2228 anreb,
1101 2177 1162 2232 quas
1175 2171 1291 2232 pensant
1309 2164 1407 2219 libram
1421 2181 1513 2221 urtam.
1538 2164 1693 2221 Praesertim
1707 2174 1736 2216 at
1751 2165 1779 2216 iu

140 2242 170 2289 et
184 2232 211 2288 in
226 2231 351 2288 diaconia
373 2231 458 2303 ipsius
477 2231 524 2286 liei
542 2231 693 2313 gemtricis,
707 2246 768 2300 quac
781 2227 934 2299 appellatur
983 2232 1107 2303 ingressu
1131 2234 1267 2297 basilicae,
1292 2233 1340 2289 uhi
1361 2250 1444 2304 supra
1470 2234 1559 2305 regias
1577 2234 1696 2304 naciones
1716 2231 1781 2288 iecit

141 2302 268 2373 Antiqua,
290 2316 371 2373 snper
393 2301 480 2358 altore
500 2316 587 2371 nimus
606 2299 740 2356 ciborium
765 2315 797 2355 ex
821 2307 935 2380 argento
983 2301 1117 2375 imagines
1130 2319 1163 2358 ex
1179 2313 1292 2387 urgento
1310 2306 1429 2375 guinione
1442 2314 1591 2387 pensantes
1608 2304 1674 2359 inibi
1696 2303 1781 2358 libras

141 2373 299 2445 purissimo,
312 2387 431 2442 pensans
443 2371 527 2426 libras
540 2371 673 2426 ducentas
686 2379 716 2426 et
730 2369 882 2426 duodecim.
983 2371 1115 2429 discetttas
1129 2373 1225 2446 viginta
1236 2384 1264 2430 et
1276 2390 1383 2431 novena.
1405 2375 1549 2431 Entmwu
1562 2377 1607 2431 arbi
1622 2390 1704 2444 stupra
1718 2372 1782 2428 iecit

179 2442 311 2498 Proelatus
331 2457 395 2498 tero
414 2440 576 2498 venerahilis
596 2450 624 2497 et
644 2439 791 2513 praelarus
812 2437 933 2511 porsbhx
985 2457 1152 2513 aquamanus
1162 2445 1329 2514 antipempto
1342 2446 1486 2501 ‹leauratas
1500 2448 1576 2529 paria
1589 2448 1654 2508 dao,
1664 2459 1782 2513 pensan-

142 2512 209 2571 iecit
227 2513 254 2568 in
277 2512 391 2569 basilica
409 2511 482 2567 beati
504 2509 578 2567 Petri
601 2510 716 2582 apostoli
738 2509 865 2566 nutritori
885 2525 935 2565 suo
986 2513 1436 2584 tessimntlibraseptatuordeeim.
1450 2516 1782 2584 Fecrtautemidemprae·

143 2582 288 2655 gabatham
301 2598 335 2638 cx
348 2596 415 2638 auro
429 2582 576 2654 purissimo
589 2581 770 2707 anaplypham
785 2596 846 2662 cram
859 2594 935 2661 gem·
986 2600 1067 2655 sagus
1075 2585 1202 2650 aratistes,
1213 2585 1258 2641 nbi
1271 2602 1364 2654 supra,
1375 2595 1527 2643 cerostatas
1543 2586 1659 2655 maiores
1670 2585 1783 2639 uersati-

146 2653 197 2709 mis
208 2652 335 2725 pretiosis
348 2660 483 2718 critatem,
504 2666 565 2721 qnae
584 2668 637 2723 pen
656 2661 686 2708 et
706 2660 769 2707 arim
790 2665 935 2721 sartagmem
986 2653 1027 2711 les
1035 2655 1200 2725 anaglyphas
1213 2672 1246 2709 es
1259 2665 1373 2726 argento
1385 2659 1540 2727 purissimo,
1550 2665 1694 2727 pensantes
1701 2652 1782 2710 sbratrl

145 2722 230 2793 ipsius
250 2722 365 2794 apostoli
380 2722 408 2778 in
422 2722 546 2791 ingressu
569 2720 706 2787 vestibuli,
728 2731 887 2792 pensantem
901 2718 935 2775 li-
986 2723 1072 2782 libras
1088 2727 1243 2797 octuaginta
1256 2734 1285 2782 ct
1297 2743 1344 2781 sea
1359 2737 1388 2783 et
1397 2729 1492 2783 uncias
1504 2737 1576 2783 ecto.
1593 2727 1682 2798 Atque
1696 2725 1784 2780 irroer·

143 2793 335 2865 brusseptcm
357 2800 386 2849 et
407 2793 505 2848 semis.
531 2790 640 2847 Faciem
663 2808 728 2847 tero
750 2790 822 2847 sacri
842 2789 937 2846 altaris
987 2811 1036 2851 uas
1049 2794 1166 2863 maimes
1182 2795 1276 2853 bisilcs
1289 2796 1413 2867 bimysas
1432 2796 1614 2868 anaglyphas,
1628 2799 1696 2854 daras
1715 2810 1783 2866 pen-

145 2864 230 2933 ipsius
248 2861 428 2935 apostolorum
465 2862 577 2931 rirtcipis
592 2863 627 2918 ah
642 2862 698 2919 imo
714 2876 799 2931 usque
811 2861 845 2916 ad
859 2877 935 2916 sum·
986 2878 1080 2927 mutes
1093 2866 1159 2923 inihi
1174 2864 1257 2923 libras
1278 2868 1474 2950 quirruuaginta
1494 2876 1522 2922 et
1535 2879 1655 2937 septem,
1672 2876 1700 2922 et
1715 2882 1781 2921 corr·

145 2950 219 2989 aarum
239 2949 302 2989 eun
321 2878 500 2990 boemo-thus
524 2932 638 2988 intortus
661 2932 856 3003 superiusque,
886 2947 937 2989 oco
988 2934 1785 3007 ademariusmartimo‹prostituantsuoodbusantoattsre

144 3019 200 3061 uon
227 3012 256 3059 et
283 3003 355 3059 iutra
381 3000 580 3059 consessionem
615 3002 786 3058 Salvatorem
816 3008 934 3059 sentem
988 3007 1074 3079 ipsius
1082 3006 1198 3089 apostoli
1210 3007 1308 3063 ardere
1320 3009 1446 3064 debeant

145 3072 253 3138 dextra,
274 3073 394 3142 laesaque
415 3070 474 3141 cjns
494 3073 568 3146 beati
588 3071 702 3143 apostoli
717 3071 790 3129 Petri
815 3080 843 3127 et
857 3043 971 3129 i’atdiC
1022 3077 1176 3135 flicdssips
1190 3078 1325 3148 aspis-atus
1344 3080 1430 3151 grstia
1452 3081 1589 3135 investisti
1606 3080 1710 3134 arsimus
1722 3094 1783 3132 ma-

146 3142 279 3199 baheutes
289 3142 392 3213 pariter
403 3157 520 3200 coronas
529 3159 563 3199 cx
577 3144 692 3215 gemmis
704 3143 842 3214 pretiosis,
855 3154 936 3213 atque
981 3147 1081 3218 iorem,
1096 3164 1158 3219 quac
1173 3159 1216 3205 cst
1228 3150 1280 3205 stab
1291 3165 1357 3204 arcu
1372 3150 1516 3232 principali
1529 3165 1562 3205 ex
1580 3159 1692 3220 argento
1708 3164 1784 3203 nirata-

164 3215 331 3269 uuimentum
351 3211 437 3283 ipsius
458 3214 638 3273 confessionis
661 3213 798 3269 irucstirit
816 3228 850 3269 ex
869 3228 937 3269 auro
986 3220 1099 3276 dissime
1109 3228 1243 3290 peumtrte
1258 3219 1336 3275 ibras
1349 3220 1422 3276 mdlc
1440 3228 1577 3276 trecentas
1588 3220 1785 3291 utrinqnuginta

145 3229 219 3338 ritino
236 3282 318 3337 nimis
330 3292 460 3352 pensante
479 3284 564 3340 libras
579 3285 791 3355 urradringcutas
801 3283 937 3353 quinqua·
984 3300 1014 3345 (ει
1025 3289 1104 3344 alatas.

144 3354 221 3425 ginta
234 3359 367 3409 mbosct
378 3354 474 3410 uncias
491 3370 549 3410 sex.
574 3356 675 3412 Verum
697 3356 779 3410 etiam
803 3369 884 3424 super
898 3354 937 3423 ip
1022 3359 1100 3414 Fecit
1114 3367 1205 3413 autom
1232 3351 1278 3415 hic
1293 3361 1442 3430 praelarus
1465 3360 1586 3430 pontifex
1602 3361 1742 3429 nhisupra
1757 3363 1785 3418 in

145 3439 206 3480 snm
229 3437 338 3479 sacrorn
359 3422 446 3480 altare
464 3422 531 3481 iecit
549 3435 652 3481 restem
666 3424 869 3495 chrysoclaram
890 3423 938 3477 ha·
986 3428 1066 3483 altari
1084 3429 1179 3498 maiori
1202 3437 1304 3483 vestem
1329 3429 1535 3500 chrysoclasasn
1559 3431 1636 3484 mirae
1650 3446 1692 3484 ma
1731 3432 1784 3484 itu-

144 3492 255 3549 lreutem
269 3492 412 3549 historiam
432 3494 581 3550 lioruinicac
604 3494 784 3558 ascensionis,
798 3500 827 3546 et
839 3490 938 3548 Pente·
986 3499 1097 3552 aliniset
1124 3496 1335 3568 pulchritudinis
1361 3501 1528 3564 decoratam,
1542 3500 1686 3554 habentem
1708 3500 1785 3554 ristu-

144 3573 239 3621 costen
254 3579 314 3620 curu
327 3562 455 3634 periclysi
469 3564 501 3618 dc
515 3561 703 3633 chrysoclavo.
988 3568 1056 3622 riam
1073 3566 1225 3623 salvatoris
1238 3567 1345 3623 brutini
1368 3571 1455 3625 nostri
1473 3567 1538 3624 iesu
1554 3569 1655 3624 Christi
1670 3579 1785 3623 sancta·-

181 3631 243 3689 Pari
263 3633 344 3688 inodo
366 3632 411 3687 ubi
433 3646 515 3701 supra
536 3630 600 3687 lecit
616 3631 762 3703 imaginem
776 3628 939 3701 tpstosspo·
987 3654 1040 3708 qaae
1062 3637 1122 3708 ajars
1148 3638 1288 3709 genitricis
1306 3649 1334 3693 ct
1357 3640 1499 3694 duutootm
1523 3642 1707 3710 apostotorum
1720 3655 1782 3695 eum

146 3703 277 3761 stolorum
297 3701 428 3782 principis
439 3702 467 3756 iu
480 3710 558 3773 porta
572 3704 693 3757 virorum
710 3718 742 3757 es
761 3716 829 3755 auro
850 3702 939 3771 puris·
987 3708 1114 3779 periclysi
1133 3709 1167 3763 dc
1190 3709 1376 3780 chrysoclavo,
1405 3711 1525 3780 trudique
1543 3726 1606 3767 cnm
1630 3711 1787 3782 margaritis

146 3776 215 3831 simo
239 3783 267 3829 ot
288 3787 404 3842 getrtmrs
429 3772 634 3843 pretiosissimis
658 3773 735 3828 mirae
745 3772 939 3853 magnitudinis
987 3787 1162 3845 ornatam,et
1175 3780 1209 3835 ab
1222 3781 1345 3851 utrisque
1357 3781 1489 3838 lateribus
1502 3783 1618 3838 hlattbin
1634 3781 1785 3852 utntcbry-

146 3841 395 3915 etpnlchritudiuis
416 3843 582 3909 decoratam,
604 3852 764 3914 pensantem
784 3843 867 3899 libras
891 3842 939 3899 dc·
987 3849 1096 3905 sociare
1128 3851 1292 3915 decoratam,
1308 3869 1369 3922 qiam
1389 3852 1416 3905 in
1439 3853 1576 3909 ttataiihus
1600 3852 1785 3922 apostolurum

146 3932 207 3971 cern
220 3923 247 3970 ct
258 3928 356 3969 novom
375 3922 402 3968 et
417 3915 512 3969 uricias
533 3923 598 3970 tres.
621 3914 774 3972 Praesertim
787 3930 851 3969 uero
867 3914 936 3969 idem
988 3920 1060 3976 ishun
1078 3936 1093 3975 c
1113 3922 1203 3991 regins
1215 3923 1314 3990 pracsrd
1340 3922 1440 3977 ibidem
1453 3925 1515 3992 poni
1540 3923 1694 3979 constitnit.
1709 3922 1786 3976 Fecit

147 3984 321 4041 beatissimus
332 3983 454 4052 pontifex
466 3985 529 4040 iecit
543 3987 588 4040 uhi
600 4001 681 4055 snpra
695 3984 831 4041 cancellos
846 3985 939 4041 brailes
988 3999 1079 4045 atatem
1092 3938 1128 4045 dd
1143 4006 1224 4060 super
1237 4008 1347 4047 enicem
1368 3989 1497 4060 majorem
1522 4008 1555 4047 oa
1575 4009 1642 4047 arant
1657 3991 1731 4046 trata-o
1743 3993 1785 4046 ui-

147 4056 175 4109 iu
190 4055 313 4125 ingressu
330 4054 502 4127 presbyterii,
522 4072 569 4112 sen
587 4056 614 4110 in
630 4056 726 4110 dextra
746 4066 834 4126 parte,
859 4056 939 4111 tassa-
989 4062 1041 4116 mis
1059 4062 1246 4131 panuciystnm
1266 4072 1392 4117 ornatam
1420 4065 1536 4134 gemmis
1563 4063 1699 4133 pretiosis,
1753 4078 1785 4116 n-

147 4139 211 4194 que,
236 4140 286 4180 nec
307 4139 361 4179 non
375 4133 402 4178 et
423 4127 449 4180 iu
473 4127 594 4196 ingressu
620 4126 746 4183 vestibuli
770 4137 939 4196 exurgente
989 4141 1093 4186 sautem
1119 4133 1201 4186 libras
1225 4133 1405 4205 quandraginta
1425 4141 1454 4188 et
1476 4134 1692 4189 duasotuncias
1723 4148 1783 4187 uas.

148 4194 337 4257 ttturrdissimo,
356 4208 503 4265 pensantes
518 4197 599 4253 simul
612 4196 794 4262 librasmille,
810 4197 940 4266 urslingen·
990 4201 1045 4258 lieo
1069 4218 1122 4258 nou
1140 4211 1169 4258 ct
1192 4211 1343 4259 cerostrata
1370 4204 1446 4272 paria
1460 4213 1579 4274 qatatnor
1596 4203 1733 4266 investita,
1749 4212 1782 4258 ex

146 4277 190 4321 tas
209 4265 378 4335 septuaginta
392 4275 420 4321 ct
433 4276 499 4323 tres.
519 4267 659 4336 Simulque
669 4275 696 4321 et
708 4267 849 4323 columnas
865 4266 939 4321 rola-
988 4281 1102 4343 argento
1113 4272 1244 4329 deaurato
1254 4275 1398 4344 perrsmtia
1422 4274 1504 4333 simul
1518 4274 1601 4332 libras
1612 4273 1785 4347 septuaginta

148 4336 209 4391 tiles
227 4334 392 4407 [tornatiles
410 4338 452 4393 sel
468 4336 618 4410 versatiles]
634 4347 690 4392 mut
702 4338 729 4392 iu
741 4338 863 4409 ingressu
875 4353 938 4392 cor·
990 4351 1018 4395 et
1032 4352 1146 4412 septem.

148 4405 222 4486 poris
233 4405 329 4461 dextra
342 4404 464 4477 taraone
479 4423 514 4463 ca
529 4416 606 4479 parte
616 4409 737 4464 uirorum
751 4424 782 4463 ac
794 4408 938 4490 nimiarum
954 4397 978 4456 D
1026 4412 1101 4468 Fecit
1117 4422 1207 4467 antem
1226 4415 1389 4469 venerabilis
1403 4423 1431 4471 et
1444 4416 1591 4499 praeclarus
1601 4413 1721 4486 pontiles
1736 4430 1782 4469 su-

149 4492 208 4547 para
236 4483 298 4530 octo
310 4488 456 4546 pensantes
470 4478 549 4533 simul
564 4478 648 4535 libras
661 4486 770 4534 centum
784 4485 941 4548 raonugmlo.
993 4498 1043 4553 pcr
1057 4482 1143 4538 altare
1162 4483 1250 4539 beatae
1263 4485 1416 4541 betronbtae
1426 4488 1559 4541 criterium
1575 4503 1637 4542 cum
1650 4485 1786 4542 eulttmbls

150 4561 266 4601 necnon
284 4554 312 4600 et
335 4561 415 4601 arcus
438 4558 581 4617 argenteos
603 4557 665 4604 octo
688 4556 835 4618 pensantes
862 4548 943 4604 simul
994 4554 1080 4623 porph
1094 4555 1193 4610 reticis
1206 4571 1240 4610 ex
1265 4566 1378 4627 argento
1394 4557 1540 4626 purissimo
1562 4558 1639 4612 ruitae
1654 4555 1787 4629 niagnitu-

150 4616 357 4698 tibras'comum
369 4618 551 4698 quadraginta
560 4629 589 4674 et
602 4628 667 4675 tres.
994 4570 1240 4689 dinisdecoratum,
1248 4627 1458 4697 pensanslihras
1466 4626 1785 4698 trecentassyuadraginta

184 4685 261 4744 Fced
274 4698 365 4742 autern
378 4687 451 4743 adem
465 4689 639 4745 beatissimus
654 4688 773 4760 pontiies
791 4690 817 4744 iu
829 4689 942 4745 basilica
994 4703 1023 4749 et
1033 4705 1104 4758 octo,
1113 4705 1140 4749 at
1161 4712 1195 4750 tre
1208 4697 1352 4767 imaginem
1362 4707 1517 4768 argenteam
1531 4708 1649 4751 stantem
1658 4697 1709 4751 snb
1720 4708 1786 4751 amn

149 4756 221 4813 beati
234 4755 360 4821 Andreae,
376 4758 422 4813 ubi
435 4775 528 4828 snpra,
542 4775 653 4831 regnum
666 4776 699 4815 ex
714 4777 781 4815 auro
816 4761 944 4816 nrissimu
994 4763 1029 4819 de
1047 4765 1146 4835 ipsoci
1184 4768 1225 4821 riu
1239 4775 1398 4836 pertsantcnr
1413 4768 1498 4823 libras
1510 4767 1603 4823 decem
1619 4777 1648 4823 ct
1659 4767 1753 4822 seratis.

150 4842 212 4883 earm
228 4826 343 4908 panaris
358 4829 484 4898 pretiosis
498 4839 624 4884 ornatum
644 4845 761 4900 mnsans
779 4776 863 4887 ttsssas
878 4832 945 4886 duas
1030 4836 1091 4905 lpse
1104 4851 1169 4891 vcro
1183 4854 1198 4891 a
1216 4837 1272 4893 Deo
1297 4847 1437 4908 protectus
1452 4846 1480 4894 et
1500 4838 1647 4908 praeclarus
1661 4835 1785 4908 pontilex

150 4905 428 4967 1111111111111111111111.
995 4906 1060 4964 lecit
1076 4909 1105 4963 ia
1119 4908 1231 4965 basilica
1244 4908 1363 4964 doctoris
1378 4909 1470 4963 rnrrndi
1484 4909 1556 4964 beati
1583 4909 1657 4965 rosta
1671 4906 1786 4978 apostoli

186 4965 241 5021 Nec
264 4983 319 5022 uon
342 4978 369 5023 et
386 4985 468 5039 super
490 4969 577 5024 altare
598 4971 685 5027 beata
708 4969 880 5035 Petronilloe,
898 4971 944 5026 11111
986 4992 1077 5047 super
1094 4979 1179 5035 altare
1191 4979 1280 5048 majus
1302 4992 1404 5034 restem
1424 4980 1628 5050 chrysoclaram
1640 4980 1785 5035 habentem

150 5052 233 5106 supra
249 5036 315 5094 iecit
329 5054 566 5162 repnuurattramn
579 5041 945 5112 musgessuutspseuosisst-
993 5047 1139 5104 historiam
1162 5049 1313 5105 Mmirtieaa
1331 5050 1615 5106 resurrectiandseom
1630 5048 1785 5121 margaritis

152 5107 211 5169 ruis,
231 5121 349 5177 pensans
372 5108 447 5167 'bras
460 5111 528 5167 duas
538 5121 567 5167 et
577 5110 673 5168 uncias
686 5120 752 5167 tres.
764 5110 851 5167 Simili
865 5112 947 5167 modo
994 5131 1119 5174 ornatam
1133 5129 1161 5173 ct
1174 5120 1319 5190 periclysin
1343 5121 1576 5191 docinysuclaro.
1609 5119 1740 5175 Similiter
1750 5130 1786 5173 ex

150 5186 204 5231 ors
257 5177 370 5234 rotare
384 5189 487 5236 ssootae
499 5182 697 5253 nongentenos
715 5183 758 5236 ubi
779 5197 946 5254 suurnnoae
996 5189 1153 5261 mamertus
1178 5197 1290 5244 omaus
1315 5191 1447 5261 tmogtoos
1474 5193 1655 5262 apostotorum
1670 5190 1786 5243 nosses

150 5262 219 5317 appe
230 5246 302 5304 ¹³²⁰!
319 5247 460 5316 holtam,
486 5250 552 5308 fecii
576 5261 678 5309 testem
697 5253 731 5308 (le
751 5253 864 5308 ῐ1111111111
883 5269 945 5309 enm
995 5275 1027 5315 ar
1061 5269 1108 5315 nto
1118 5261 1261 5314 dcattratas
1270 5262 1505 5328 pensanteslibras
1517 5261 1672 5330 octuaginta
1686 5264 1715 5313 et
1727 5270 1784 5312 sex.

151 5317 279 5391 periclysi
291 5319 325 5375 de
338 5321 498 5390 caysoclaro
520 5323 664 5379 habentem
684 5323 825 5379 historiam
841 5340 946 5378 :annun-
1057 5331 1082 5385 ic
1095 5344 1160 5383 vero
1184 5330 1456 5388 misericordissimus
1470 5332 1591 5404 pontifex
1610 5329 1672 5383 lecit
1687 5328 1714 5382 in
1737 5327 1785 5383 ba-

152 5387 273 5444 tiatiunis
287 5390 404 5445 bomini.
421 5391 496 5448 Fecit
510 5402 600 5448 atatem
616 5392 686 5447 idem
696 5391 871 5449 beatissimus
883 5409 947 5465 pon·
995 5400 1072 5455 silica
1097 5399 1205 5455 Sanctae
1222 5401 1271 5457 liei
1294 5400 1440 5458 Gerritricis
1455 5404 1488 5457 ad
1510 5402 1635 5468 Pucsepe
1651 5410 1735 5468 snper
1747 5398 1786 5453 al-

152 5457 218 5512 tiles
233 5458 261 5514 in
281 5460 395 5516 basilica
408 5462 530 5519 doctoris
543 5463 636 5519 mnndi
649 5462 723 5519 beati
738 5463 813 5518 Pauli
831 5465 945 5533 apostoli
997 5479 1056 5525 tare
1071 5479 1173 5526 restem
1201 5472 1404 5529 cltrvsoelaram
1417 5473 1562 5531 habentem
1576 5469 1718 5525 historiam
1734 5467 1787 5530 [to-

152 5529 288 5585 eanistros
307 5545 340 5586 cx
361 5542 476 5602 argento
499 5549 567 5602 puro
586 5548 700 5590 numero
721 5534 900 5659 qnadrapinm
919 5543 947 5591 et
996 5541 1105 5596 minicae
1130 5531 1338 5599 resurrrectionis
1366 5543 1441 5597 mirre
1459 5538 1653 5610 magnitudinis
1683 5547 1711 5594 et
1760 5537 1785 5593 l·

153 5607 257 5666 septem
271 5612 417 5669 pensantes
432 5603 510 5659 simul
525 5603 609 5659 libras
622 5603 753 5661 ducentas
767 5620 819 5675 qaia
840 5606 945 5676 raginta
996 5611 1158 5666 chritudiuis
1173 5612 1327 5668 decoratam
1341 5626 1402 5666 eum
1421 5610 1547 5681 periclysi
1563 5610 1595 5665 de
1611 5609 1725 5681 cirrysoe
1736 5622 1782 5664 aro

153 5677 182 5723 et
196 5678 310 5741 septem.
326 5670 359 5727 Et
372 5673 399 5728 in
412 5676 575 5731 morrasterio
587 5684 687 5733 sanctae
697 5675 809 5743 Agattlne
819 5676 945 5744 unrrtyris
997 5682 1115 5753 undique
1132 5698 1164 5737 ex
1181 5682 1335 5752 margaritis
1348 5689 1480 5735 ornatam.
