3810 6120
128 276 186 335 bl?
740 262 894 323 nicoclis
907 252 1167 319 UOMUHOEWH-
1717 254 1770 315 dtu

128 380 924 461 anit,iuquit,postnreaunire,aincqetrenretiprnnr(dotti.
941 382 964 442 A
977 376 1063 448 ceptis
1078 375 1185 432 Domini
1202 374 1309 446 paruit,
1330 388 1391 427 curn
1408 371 1453 427 illo
1469 368 1639 443 postmodum
1652 370 1685 427 ad
1698 371 1772 440 qudi-

129 480 201 555 uvu).
979 470 1081 525 candos
1110 466 1223 539 populos
1243 466 1326 537 juder
1350 464 1449 531 reniet,
1473 464 1546 519 sieut
1565 470 1664 520 cuncta
1691 462 1770 517 relin-

428 546 542 605 CM‘UT
561 546 632 602 XXI·
979 558 1126 629 qncntibus
1146 555 1369 629 predicatoribus
1390 554 1513 610 dicitur:
1534 550 1662 608 Sedebitiu
1684 562 1709 608 et
1730 570 1774 609 res

277 638 317 695 0⁶
331 639 365 694 ἥδ
379 638 425 711 qui
437 639 553 711 ‘liffeim
568 636 680 708 auidum
694 634 784 692 ”fumi-
979 665 1058 721 super
1076 648 1214 703 duodecim
1235 648 1352 712 tironos,
1369 646 1521 717 jrtdicontcu
1535 644 1673 699 duodecim
1690 644 1775 699 tribur

167 747 274 823 (drop,
289 748 361 804 Nur.
380 747 401 803 i.
416 763 455 813 ιι,
475 763 500 801 e.
521 746 579 820 si).
602 745 696 802 Sancti
712 745 765 802 viri
780 744 844 816 quia
862 742 929 799 nibil
980 738 1078 794 lsrael.
1093 738 1208 793 llcctnm
1219 739 1319 809 quippe
1331 746 1384 802 est,
1395 744 1425 791 ut
1437 752 1499 792 curn
1511 737 1568 793 lieo
1582 736 1615 792 de
1627 736 1734 807 populis
1748 736 1776 791 in

130 840 216 915 leuius
229 838 325 895 mundi
342 845 488 910 appetunt,
506 837 587 895 nullis
599 836 693 909 procul
710 835 792 893 dubio
805 836 831 891 in
848 834 931 890 cerdo
977 830 1082 901 judicio
1093 830 1240 900 disputent,
1253 829 1300 900 qui
1311 829 1345 885 ud
1356 829 1437 885 verba
1453 826 1501 885 bei
1514 843 1634 899 praesens
1645 827 1774 884 seculum

132 930 298 989 mantulos
318 937 488 1001 premuntur.
513 926 616 985 Omnes
641 926 740 997 quippe
763 924 931 981 inordinatos
980 919 1099 991 perfecte
1116 918 1315 989 derelinquunt.
1337 918 1372 973 ct
1390 917 1428 974 illi
1448 934 1509 974 cum
1527 918 1583 974 lieo
1602 919 1775 990 postmodnm

131 1021 334 1079 desideriorum
358 1029 449 1075 motus
471 1034 487 1074 a
507 1017 589 1075 cubili
611 1017 703 1073 cordis
720 1030 803 1071 manu
829 1022 930 1071 sanctu
978 1011 1085 1083 judices
1103 1010 1230 1075 veniant,
1252 1008 1299 1080 qui
1314 1009 1338 1065 ei
1353 1008 1475 1065 modain
1490 1008 1642 1064 voluntaria
1656 1023 1775 1081 pauper-

133 1111 520 1186 cuuuemadonlsejiciuncet
534 1111 581 1182 qni
594 1109 751 1165 transitoria
766 1114 864 1163 cuneta
882 1106 931 1161 de·
945 1148 949 1153 .
981 1109 1048 1169 tate,
1059 1101 1102 1157 rel
1113 1100 1141 1156 iu
1151 1115 1218 1172 pace
1227 1098 1376 1156 familiares
1386 1099 1558 1156 sustiterunt.
1571 1099 1708 1173 Scriptum
1717 1110 1776 1157 est:

133 1204 266 1279 qimnnt,
285 1219 317 1260 ex
340 1203 375 1258 iis
395 1208 538 1257 nascentes
557 1200 752 1272 cogitationum
772 1196 932 1255 insolentias
981 1192 1123 1248 Adaocaeit
1136 1191 1214 1247 celos
1227 1208 1344 1258 sursum,
1358 1202 1382 1246 et
1396 1201 1503 1258 terrant,
1517 1202 1547 1246 ut
1558 1192 1715 1248 discerneret
1730 1209 1777 1263 po-
1898 1184 1902 1189 ’

135 1282 192 1355 non
207 1292 357 1368 quatiuntur.
377 1292 470 1348 Solam
482 1306 600 1362 namque
612 1299 741 1347 emrnam
755 1289 871 1362 patriam
885 1303 933 1360 ap·
981 1280 1073 1354 peiora
1087 1298 1165 1339 raum
1180 1280 1268 1356 (wa
1283 1280 1368 1355 iffi)-
1385 1278 1487 1355 (Greia
1504 1282 1574 1337 5101·
1588 1281 1607 1336 ¹·
1624 1298 1670 1350 Π,
1682 1300 1706 1338 ⁶·
1719 1283 1776 1355 ¹5)

134 1395 252 1463 potrum,
267 1396 295 1443 ct
313 1385 378 1456 quia
393 1384 467 1439 nulla
485 1384 566 1454 liujus
581 1383 672 1439 mundi
688 1383 818 1454 diligunt,
833 1395 932 1453 magna
982 1370 1072 1427 &2¹⁰⁸
1083 1372 1182 1442 quippe
1194 1387 1301 1427 sursum
1315 1371 1440 1436 adimi·
1454 1386 1515 1425 Μ)
1531 1370 1549 1425 ii
1563 1371 1610 1442 ‘1¹¹5
1624 1388 1673 1427 Μ
1685 1374 1777 1428 ⁰¹¹¹¹¹i²

136 1462 240 1537 mu„
264 1476 460 1547 mmmmm
484 1474 672 1547 mesanum„
702 1474 797 1545 pagna
823 1474 932 1543 requies
983 1460 1181 1531 relinquentes,
1203 1460 1437 1515 conversationem
1460 1458 1578 1514 caelestis
1598 1459 1661 1514 vit-u
1683 1469 1778 1514 murne-

136 1568 240 1623 Μὴ
255 1574 315 1633 est,
332 1581 348 1621 2
366 1573 473 1621 mu,
489 1564 580 1620 0014ss
596 1573 766 1620 mmmmm
784 1563 933 1619 desiderio.
983 1559 1057 1617 runt,
1073 1550 1108 1607 ad
1121 1550 1322 1606 consedendum
1336 1548 1475 1621 injudicio
1487 1556 1683 1616 convocantur,
1696 1558 1780 1620 atque

136 1672 201 1713 rum
220 1655 350 1711 tumulms
366 1653 512 1725 expellere,
531 1662 558 1710 et
574 1669 629 1709 una
652 1654 802 1709 intentione
823 1662 933 1709 aeterum
983 1643 1201 1715 ⁰¹¹¹⁰001¹¹¹¹i⁰⁰⁸
1213 1642 1334 1697 Vinium·
1347 1642 1432 1696 Tem
1442 1640 1524 1697 iiiam
1537 1650 1779 1710 ⁸⁰i⁵¹¹¹ssi⁰⁰²i¹¹b

135 1749 236 1821 μή),
255 1748 284 1804 r„
305 1762 427 1804 amorem
446 1746 549 1803 jnqmae
568 1746 668 1817 quiens
688 1745 868 1803 anq01210,A
890 1755 932 1802 qu.
946 1751 971 1812 B
984 1750 1046 1791 eum
1066 1735 1085 1791 ii
1106 1735 1153 1806 qni
1168 1734 1285 1791 terrenis
1305 1732 1412 1789 actibus
1425 1732 1535 1805 obligati
1552 1731 1669 1801 inerant,
1691 1734 1718 1790 in
1738 1734 1781 1791 eis

137 1842 225 1897 multu
236 1855 327 1897 rerum
338 1839 528 1911 tenporalium
538 1838 623 1894 Dauid
635 1852 772 1894 secessum
782 1839 931 1908 querebat,
984 1835 1077 1883 tamen
1088 1825 1149 1896 pius
1159 1823 1281 1880 celestia
1293 1837 1374 1894 quarn
1387 1830 1496 1879 terrena
1507 1822 1583 1879 lucra
1595 1822 1778 1895 quesierunt:
1798 1852 1800 1857 ·

136 1944 201 1987 cunr
216 1928 318 1984 diorum
330 1942 339 1982 ι
353 1924 440 1981 Unum
449 1927 520 1998 'petii
538 1943 555 1981 a
569 1924 776 1991 dominacione
791 1928 932 1999 requiram,
984 1918 1081 1990 quibus¹
1097 1917 1124 1973 in
1135 1917 1188 1973 sune
1202 1916 1303 1973 dicitur
1312 1934 1318 1970 :
1327 1916 1429 1987 liospes
1443 1933 1527 1983 crocu,
1538 1926 1562 1971 et
1573 1914 1714 1988 coiieqirtir
1725 1934 1779 1986 me,

137 2028 168 2075 ιιι
186 2016 329 2073 inhabitem
343 2017 371 2071 in
383 2016 461 2071 domo
475 2016 581 2071 Domini
594 2013 682 2087 (cnr.
696 2016 781 2090 xxva).
797 2017 832 2073 Et
845 2016 910 2073 illud
924 2034 932 2073 ς
984 2010 1071 2066 nudata
1084 2020 1108 2064 et
1123 2009 1260 2081 opcnairtir
1271 2025 1312 2064 arc
1326 2007 1608 2081 (liuttir.xrr).Elccti
1622 2010 1673 2066 riri
1687 2010 1780 2067 omnia

138 2106 210 2163 Ecce
226 2104 346 2178 elonqaui
364 2106 479 2177 sapiens,
493 2115 518 2161 et
536 2108 622 2162 munci
642 2107 670 2161 in
689 2107 832 2163 solitudine
846 2106 932 2180 (Psoi.
984 2100 1179 2171 relinquentes,
1202 2098 1425 2171 noniudicaniur
1439 2107 1468 2155 ct
1481 2108 1605 2171 regnant,
1627 2100 1675 2171 qui
1695 2100 1780 2157 etiarn

137 2197 208 2273 ιιι).
218 2197 338 2271 liuqiens
350 2197 467 2269 elongat,
481 2198 645 2270 quiaturba
657 2198 854 2255 desideriorum
865 2207 934 2256 tem-
984 2200 1119 2264 precepta
1140 2189 1209 2261 nqis
1237 2188 1414 2262 Ρθῐῐθθῑῑθΰῑῦ
1441 2190 1540 2246 virtuto
1565 2191 1778 2275 innitendum·

137 2293 275 2365 poralium
298 2292 327 2347 in
351 2291 406 2347 altu
428 2291 476 2347 bet
496 2292 726 2364 contemplatione
742 2308 772 2349 se
793 2293 933 2362 subieram
984 2283 1048 2355 quia
1061 2297 1231 2355 nequaquam
1244 2282 1297 2339 ¹¹⁰⁰
1311 2281 1398 2338 ⁵⁰¹¹¹¹⁰
1420 2283 1612 2354 i⁰⁰i¹⁰¹¹¹¹⁰¹¹⁸
1632 2283 1780 2340 (filistiim

138 2394 311 2443 maaetrero
325 2384 353 2439 in
367 2382 523 2449 solitudine,
540 2384 585 2454 qui
606 2383 812 2453 perseveratio
830 2393 935 2441 remota
984 2375 1113 2447 limi)ii
1133 2373 1246 2445 ifflP¹0¹⁰
1273 2375 1395 2431 willemi
1417 2384 1496 2441 ⁸⁰⁰²,
1525 2376 1573 2433 Μ
1591 2377 1783 2448 immam

138 2474 242 2533 menan
260 2474 421 2529 necnon.
438 2473 756 2531 orxrtuooasnnonus
770 2493 777 2530 ι
792 2475 844 2544 pun
858 2475 936 2532 secer
985 2466 1121 2523 desidem
1144 2465 1206 2537 prus
1226 2474 1357 2538 appetunt
1383 2468 1614 2538 exercereque
1636 2468 1781 2542 preceps

138 2563 170 2621 iu
186 2562 333 2621 solitudine
351 2572 379 2620 et
396 2564 526 2635 quiescit,
544 2580 559 2619 a
575 2565 661 2621 tribus
677 2566 757 2623 bellis
768 2567 893 2639 cripitur,
908 2567 936 2623 id
986 2556 1158 2628 generalibus
1179 2556 1273 2613 audiri
1295 2565 1451 2627 millesimi·

137 2663 200 2723 eat,
221 2655 345 2723 auditus,
368 2656 511 2713 locutionis
530 2665 558 2714 ct
576 2658 661 2713 visus.
681 2657 760 2728 (Sim.
772 2642 893 2729 disrupi.
908 2659 936 2713 in
1271 2658 1384 2717 ccccl
1403 2659 1497 2717 xxtll.

144 2744 208 2802 i’iu
219 2746 325 2819 Αιιιιι.)
346 2748 439 2805 libbas
449 2749 582 2806 Arsenius
591 2749 680 2805 orarit
692 2749 935 2816 dicenszliomine,
1151 2747 1190 2803 De
1204 2747 1405 2817 mortificatione
1418 2750 1617 2807 monadorum.

139 2840 229 2913 dirige
247 2856 291 2897 mc
303 2841 339 2897 ad
354 2842 489 2905 euntem:
509 2850 539 2897 ct
552 2842 626 2898 uenit
637 2842 663 2897 ei
681 2857 735 2898 vox
752 2842 845 2898 dicens
860 2859 868 2895 ι
881 2841 935 2897 Ar·
1022 2839 1121 2895 Paulus
1132 2839 1272 2909 apostolus
1284 2839 1343 2896 air:
1360 2839 1518 2913 Ecirtiarute
1534 2859 1577 2898 roa
1590 2854 1706 2900 mortuos
1720 2849 1782 2918 qui-

139 2930 214 2997 seui,
226 2930 288 3005 lupe
300 2932 435 3000 bomines,
452 2942 522 3000 tace,
534 2933 655 3004 quiesce,
667 2931 873 2989 ctsalruseris.
887 2931 936 2988 bi·
987 2935 1046 2991 dene
1062 2951 1118 2991 care
1137 2944 1255 3008 peccota,
1275 2935 1388 2991 niventes
1402 2946 1489 2992 auum
1508 2937 1564 2995 lieo
1584 2938 1673 3013 (dom.
1685 2942 1736 3017 ιι).
1751 2943 1783 3000 la

140 3022 184 3079 nit
193 3022 281 3079 abbas
291 3022 508 3096 Mopseszllomo
520 3023 627 3095 lugiens
638 3023 774 3089 lominus,
786 3022 883 3080 similis
893 3034 937 3081 est
987 3034 1096 3083 mortuo
1110 3026 1184 3083 enim
1197 3042 1252 3082 non
1266 3036 1364 3099 regnat
1374 3035 1534 3100 peecatum,
1547 3046 1634 3103 neque
1649 3034 1784 3105 cupiditas

140 3130 203 3171 urae
218 3122 352 3173 mature:
371 3116 418 3187 qui
437 3124 529 3172 autern
545 3130 609 3171 curn
622 3115 777 3171 bominibus
790 3130 937 3180 conversa-
949 3100 972 3164 C
986 3118 1055 3174 uiuit
1065 3119 1190 3190 peccati:
1206 3119 1389 3191 exstinguitur
1398 3121 1471 3177 euim
1486 3124 1615 3181 continuo
1629 3128 1656 3181 in
1670 3142 1705 3183 eo
1718 3143 1784 3185 con·
1836 3166 1839 3171 -

140 3214 200 3273 tur,
213 3206 286 3263 elcut
297 3222 350 3263 uva
367 3206 466 3265 scerba
477 3208 539 3266 eris
555 3207 628 3263 Dixit
640 3208 725 3264 abbas
738 3205 814 3263 Nilus
827 3226 835 3263 ι
850 3207 938 3279 lanpe-
988 3211 1153 3283 cupiscentls
1168 3212 1270 3277 carnis,
1287 3212 1457 3283 conquiescit
1470 3212 1557 3283 iuror,
1570 3228 1661 3273 cessat
1673 3218 1726 3285 ira,
1742 3219 1785 3277 iu-

97 3308 100 3313 ·
141 3296 287 3355 meabile
303 3305 428 3354 maneta
446 3297 553 3370 sagittis
571 3298 689 3363 inimici,
709 3298 755 3369 qui
774 3307 848 3355 amat
860 3298 937 3369 quie-
987 3310 1069 3373 gatar
1081 3302 1185 3369 odium,
1203 3303 1333 3359 etomnia
1354 3304 1434 3360 simul
1447 3306 1645 3378 conquiescunt
1658 3310 1733 3367 uitia.
1750 3311 1785 3369 Et

141 3396 216 3459 ΙΨ
228 3390 277 3463 qui
289 3398 382 3449 autem
395 3390 527 3449 miscetur
540 3389 723 3458 multitudini,
738 3391 835 3448 crebra
850 3390 937 3449 susci·
987 3391 1040 3447 boc
1061 3400 1103 3448 est
1124 3392 1194 3447 mori
1216 3401 1340 3463 peccato,
1356 3401 1384 3449 et
1397 3395 1489 3451 rirerc
1502 3395 1622 3453 cbristo.
1644 3398 1711 3455 ltcm
1726 3401 1785 3472 ipsc

140 3478 201 3557 pler
210 3480 333 3539 minen.
987 3482 1133 3553 Apostolus
1151 3482 1211 3537 ait:
1228 3482 1328 3538 ΜοιιιιιΙ
1347 3483 1416 3538 enirn
1431 3484 1503 3552 cutis,
1517 3495 1541 3540 et
1558 3487 1613 3541 citu
1625 3497 1710 3543 restra
1722 3489 1784 3545 obe

434 3552 549 3612 CAPUT
567 3554 651 3610 ffl·
987 3572 1094 3629 conditu
1108 3582 1147 3627 eat
1167 3588 1228 3627 cum
1240 3569 1344 3627 cirino
1365 3572 1393 3627 in
1404 3572 1460 3628 Deo
1480 3572 1648 3649 (calonne).
1668 3576 1786 3650 Propter

305 3641 345 3699 ΒΘ
358 3641 447 3700 Μ*
460 3646 549 3700 miili
563 3644 776 3718 'iiiiimiffist
988 3677 1039 3719 nos
1052 3663 1178 3719 dinisius
1189 3661 1345 3729 crucifixus,
1358 3669 1385 3717 et
1399 3672 1535 3732 mortuus,
1546 3677 1575 3723 ct
1589 3667 1710 3739 sepultus
1719 3679 1783 3727 est:

176 3753 271 3829 (Grcq.
285 3754 356 3812 ilar.
372 3754 392 3810 i.
407 3771 446 3823 rr,
460 3773 484 3812 c.
501 3754 559 3829 sb).
578 3754 608 3812 ln
626 3755 680 3813 line
698 3756 789 3813 seculi
807 3771 869 3814 cunr
882 3758 939 3813 lico
988 3761 1018 3810 et
1030 3769 1080 3811 uos
1094 3752 1199 3824 adeius
1217 3753 1423 3813 similitudinem
1438 3756 1594 3816 voluntates
1608 3767 1637 3817 et
1654 3762 1787 3835 cupidita·

139 3848 249 3922 1udiecs
263 3849 384 3915 venient,
397 3848 443 3919 qui
463 3863 536 3905 nnnc
555 3863 605 3920 pro
623 3850 680 3905 lieo
697 3847 798 3920 injuste
813 3847 939 3918 judican-
989 3856 1031 3903 tes
1054 3856 1163 3904 nostras
1185 3846 1386 3920 eruciilqamus.
1410 3849 1536 3907 cbristus
1558 3860 1649 3910 autem
1675 3870 1729 3912 nou
1749 3871 1786 3914 eu

141 3948 200 3997 tur.
219 3938 299 3995 Tuae
308 3952 402 3995 corum
415 3938 461 3993 lux
474 3948 550 3995 tanto
562 3940 643 3996 latius
653 3941 766 4007 emicat,
778 3950 880 4011 quanto
891 3954 940 3997 eos
989 3947 1077 4011 parte,
1089 3940 1136 3996 sed
1149 3940 1309 4011 inteperent
1322 3941 1470 3998 erucillxns
1483 3952 1604 4013 peccato,
1618 3955 1649 4001 ut
1661 3946 1787 4006 vivamus

141 4045 219 4087 nnnc
237 4045 336 4087 munus
354 4032 576 4102 persequentium
597 4033 692 4089 durius
711 4041 847 4104 anmtae
864 4034 940 4091 Tunc
990 4029 1057 4086 Deo.
1071 4030 1219 4089 llleautcnr
1235 4032 1303 4088 vivit
1317 4033 1383 4099 lico,
1395 4034 1441 4105 qui
1455 4032 1557 4091 Christi
1570 4039 1682 4109 vestigia
1696 4040 1787 4096 bouri-

143 4124 325 4195 reproborum
344 4123 431 4179 oculis
450 4133 589 4195 patescet,
608 4122 681 4193 quod
694 4123 799 4180 celesti
811 4124 940 4194 potestati
991 4118 1078 4187 litate,
1094 4121 1308 4178 sanctificatione
1321 4130 1349 4178 ct
1367 4124 1467 4193 pietate
1485 4134 1616 4182 emetur.
1638 4128 1787 4188 llortiilca·

143 4215 256 4271 surbuixi
269 4223 344 4281 mut,
357 4215 404 4286 qui
420 4224 527 4271 terrem
542 4214 633 4271 omnia
650 4223 747 4286 sponte
761 4215 939 4287 reliquerunt.
991 4220 1037 4267 tur
1050 4213 1208 4279 monachus,
1220 4215 1328 4284 quando
1338 4230 1437 4286 corpus
1450 4231 1530 4273 suum
1541 4215 1707 4288 jejuniomm
1716 4237 1785 4279 con·

142 4308 215 4379 Qffl
232 4309 357 4381 quisquis
375 4309 486 4365 ,timulo
502 4309 587 4364 divini
610 4309 712 4366 amoris
729 4310 878 4374 excitatns,
897 4309 943 4365 nic
992 4303 1142 4359 tinuatione
1160 4303 1291 4375 castigat,
1309 4306 1418 4375 quando
1432 4306 1504 4362 iutra
1521 4312 1705 4367 necessarium
1724 4329 1785 4371 mo-

141 4416 273 4473 paucsua
285 4401 436 4473 reliquerit,
449 4402 502 4457 illic
513 4402 699 4473 proculdubio
710 4401 816 4457 culmen
825 4401 942 4472 judicia·
993 4400 1058 4456 dum
1077 4413 1156 4455 suum
1178 4406 1311 4470 temperat
1325 4400 1484 4471 appetitum,
1505 4405 1614 4472 quando
1629 4421 1683 4462 non
1697 4408 1784 4465 solum

140 4493 194 4551 rit
212 4494 358 4565 potestatis
377 4493 527 4560 obtinebit,
549 4503 579 4548 nt
598 4493 679 4549 dmul
698 4503 762 4549 tunc
778 4492 862 4563 judex
879 4507 941 4549 cum
993 4492 1225 4549 adelicatioribus
1239 4492 1318 4565 cibis,
1340 4494 1388 4549 sed
1403 4494 1485 4550 etiam
1500 4496 1670 4556 arilioribus
1683 4510 1788 4573 tempe·

135 4587 236 4657 iudice
254 4588 361 4655 ueniat,
382 4588 429 4659 qui
450 4601 524 4643 rrunc
538 4587 754 4644 consideratione
767 4585 862 4655 judicii
881 4600 941 4643 sese
995 4598 1070 4648 rans,
1084 4599 1113 4640 sc
1125 4582 1276 4653 suspendit,
1294 4585 1401 4655 quando
1413 4585 1479 4641 nibil
1492 4588 1569 4644 carni
1584 4604 1640 4645 suar
1653 4605 1703 4662 pro
1715 4593 1787 4651 desi-
1821 4642 1825 4649 .

137 4688 297 4751 maranen
310 4679 449 4735 uoluntate
468 4679 592 4750 castigat.
612 4678 778 4748 Redemptor
790 4685 883 4733 noster
893 4677 940 4747 jn·
993 4677 1080 4742 derio,
1093 4678 1141 4734 sed
1155 4692 1204 4749 pro
1227 4679 1412 4735 sustentandae
1424 4679 1488 4737 rice
1501 4683 1663 4741 necessitate
1675 4687 1789 4757 permit-

138 4768 209 4826 dicii
227 4770 390 4825 seutentiam
402 4784 465 4824 cnm
485 4769 586 4825 sanctis
605 4766 733 4825 Ecclesiae
753 4768 941 4840 praedicatori·
993 4770 1026 4825 tit
1040 4766 1143 4841 (Grec,
1157 4769 1228 4826 Nor.
1244 4770 1263 4825 i.
1279 4787 1305 4836 r,
1322 4788 1345 4825 e.
1359 4770 1398 4843 b).
1411 4771 1478 4828 Cum
1492 4774 1647 4843 spirituales
1660 4781 1787 4837 uronaclui

138 4860 199 4918 bus
210 4859 351 4927 decernit,
365 4860 436 4917 sicat
450 4860 547 4932 ipsein
562 4859 708 4931 Evangelio
722 4858 806 4914 dicit:
826 4858 878 4915 i'os
895 4860 941 4930 qui
992 4859 1073 4930 plene
1085 4860 1323 4916 mortificationem
1340 4876 1416 4917 suam
1429 4870 1569 4931 appetunt,
1585 4875 1687 4935 quanto
1700 4870 1789 4941 magis

140 4949 290 5021 reliquierit
307 4951 406 5015 omniu,
423 4960 447 5005 et
465 4952 547 5006 recud
563 4951 625 5006 eutis
639 4966 691 5017 me,
706 4950 734 5004 in
749 4950 944 5020 reqeneratione
996 4952 1065 5008 liunt
1076 4952 1222 5008 viciniores
1232 4952 1266 5007 ad
1279 4952 1372 5018 linem,
1386 4959 1462 5007 tauto
1473 4968 1502 5008 se
1512 4955 1641 5013 exhibent
1652 4960 1789 5017 ardentio-

138 5055 208 5093 eunr
220 5038 317 5093 redunt
328 5037 416 5094 Filius
429 5040 541 5095 laminir
554 5040 582 5095 in
593 5040 654 5095 rede
664 5039 811 5110 majenario
822 5056 889 5106 roc,
903 5056 945 5095 re-
995 5056 1040 5097 res
1054 5041 1081 5097 in
1096 5056 1187 5112 opme.
1201 5041 1362 5098 Laboraudo
1373 5057 1438 5114 erqo
1451 5059 1504 5100 nou
1519 5045 1658 5115 deiciunt,
1670 5051 1719 5107 sed
1730 5068 1789 5109 rna·

137 5128 243 5182 deiide
253 5138 278 5181 et
290 5144 336 5183 nos
351 5145 430 5200 super
439 5130 576 5185 duodecim
589 5131 673 5196 sedes,
682 5130 832 5201 judicantes
845 5131 945 5186 dnode-
994 5134 1037 5206 qis
1048 5134 1191 5190 adversum
1203 5132 1310 5190 labores
1321 5142 1460 5202 crescunt,
1474 5137 1521 5208 qui
1532 5152 1595 5195 cum
1607 5138 1662 5209 ianr
1677 5146 1787 5214 praemia

143 5216 200 5269 οιιιι
213 5216 299 5271 tritus
311 5215 396 5273 lsrael
407 5218 513 5290 (detti.
526 5219 595 5292 arx).
609 5219 768 5292 omnesqui
784 5220 811 5275 ia
823 5221 945 5277 Ecclesia
994 5222 1188 5294 propinquiora
1205 5223 1396 5289 considerant,
1414 5239 1447 5281 eo
1461 5226 1489 5282 in
1506 5242 1588 5300 opere
1602 5230 1787 5290 delectabilius

142 5306 232 5362 nodo
250 5306 365 5378 perlecti
387 5318 464 5372 curn,
486 5310 662 5381 perfectionis
680 5327 737 5367 suae
756 5312 944 5369 rectitudinem
996 5314 1139 5370 exsudant.
1163 5311 1265 5371 Omnes
1287 5316 1412 5371 monachi
1437 5319 1566 5377 seculum
1589 5324 1786 5394 relinquentes,

142 5410 201 5462 per
214 5398 391 5470 liranqelium
405 5401 567 5458 didicerunt.
587 5401 758 5473 liedenrptori
774 5418 838 5475 crgo
850 5413 944 5461 nostro
997 5406 1093 5475 punire
1109 5404 1197 5461 llendo
1216 5421 1269 5461 non
1288 5407 1414 5463 desinunt
1431 5424 1492 5480 qnae
1504 5410 1684 5482 deliquemut.
1704 5413 1787 5470 Gravi

150 5488 231 5553 uuiti,
250 5488 364 5559 eiusque
384 5492 518 5562 majestati
537 5492 684 5564 coniuncti,
704 5506 766 5548 cnm
788 5507 822 5548 eo
839 5492 945 5561 jndices
998 5511 1028 5551 se
1041 5508 1159 5551 ulcerare
1172 5494 1303 5565 aliliqunt,
1316 5497 1380 5567 quia
1396 5497 1565 5571 lnnpeluuca
1579 5500 1649 5557 tacto
1662 5503 1786 5559 conditu·

149 5576 326 5646 vithbuntur,
340 5582 387 5651 qui
401 5584 481 5639 modo
497 5584 617 5656 perlecta
633 5599 714 5655 opera
731 5584 809 5654 juxta
823 5586 945 5658 Eranqe·
998 5586 1036 5642 ris
1058 5584 1181 5656 proiecti,
1203 5586 1293 5643 adbuc
1314 5588 1343 5643 ln
1362 5597 1469 5645 merare
1490 5591 1585 5660 patrico
1606 5592 1712 5664 gaudiis
1733 5608 1788 5655 non

155 5662 207 5724 lice
225 5680 361 5743 precepta
378 5676 463 5730 secuti
482 5684 556 5733 sunt.
574 5677 626 5748 Qui
646 5680 673 5735 in
694 5680 746 5737 boc
760 5679 858 5737 seculo
876 5693 945 5750 pre-
998 5685 1069 5735 sunt.
1081 5676 1280 5751 Nonnunquam
1292 5679 1416 5737 rnouaclri
1427 5681 1528 5737 idcirco
1537 5684 1572 5738 ad
1580 5687 1787 5760 contemplanda

315 5762 455 5829 Parnon.
477 5766 543 5831 etr.
1527 5775 1574 5838 un
1706 5778 1712 5787 '
