3810 6120
212 272 264 330 stt

851 265 1028 324 strennum
1045 261 1191 319 neentis

1790 256 1841 315 tto

210 386 396 443 trihusdiehus
409 383 680 451 ascensoriorum
698 390 750 449 εει,
765 381 847 435 tertia
863 380 906 435 die
924 394 999 434 resu-
1013 379 1038 439 Α
1054 393 1063 425 ι
1086 351 1176 427 tutem
1191 384 1261 424 nune
1272 367 1363 423 rideat
1374 365 1576 429 neseimrrs,sut
1588 361 1650 433 quis
1663 360 1846 431 speruitouts·

210 481 314 536 seitoho
325 480 395 549 quod
409 495 457 534 vos
467 477 577 533 solvetis
590 477 616 530 in
631 489 721 530 eruce.

245 574 312 627 Cum
321 583 408 626 autem
422 580 488 626 esset
500 569 690 640 Hierosolymis
704 569 732 622 iu
744 564 849 622 Pascha
863 566 891 619 itt
902 565 945 619 slie
957 562 998 634 ie·

210 676 261 730 sto,
273 664 348 718 orulti
368 662 535 717 crediderunt
547 663 575 715 itt
589 661 692 715 nomine
706 658 780 730 ejus,
791 657 906 713 uidentes
923 656 999 725 siptto

209 757 266 825 ejus
279 771 338 826 quse
352 754 473 824 faciebat,
485 753 539 823 ipse
560 763 646 806 autem
667 750 745 806 lesus
757 766 808 804 uon
825 747 945 803 credetur
960 761 1000 799 se·

210 850 346 921 metipsum
357 849 403 911 eis,
417 865 446 902 eo
460 847 529 917 quod
541 849 595 917 ipse
608 841 693 901 nosset
712 861 809 910 omnes,
821 852 845 898 et
858 844 922 915 puio
935 857 1001 912 opus

198 942 234 1082 pei
245 957 297 994 noo
309 947 411 1003 erot‚ut
423 938 480 1008 quis
496 939 669 991 tessimonium
684 935 826 1007 perhiberet
840 935 872 989 de
884 933 1000 999 homine,

211 1035 266 1102 ipse
279 1031 348 1085 enim
362 1029 458 1084 sciehat
474 1029 536 1099 quid
546 1038 612 1083 esset
627 1030 654 1083 in
668 1027 781 1082 honrine.
793 1026 854 1081 Nou
873 1025 945 1080 enim
960 1023 1000 1079 sic

195 1088 202 1226 (Ι
210 1125 358 1182 eredebant
369 1125 399 1179 iu
411 1140 473 1180 cum
485 1132 514 1178 ut
527 1124 600 1194 digni
614 1133 706 1178 essent
723 1122 860 1177 Christum
877 1118 1001 1173 hahitare

210 1219 236 1273 in
247 1217 296 1282 eis,
310 1232 425 1287 quorum
441 1215 506 1270 hdcs
519 1215 722 1269 catechumenis
733 1212 886 1282 comparari
900 1218 999 1282 potest,

194 1279 199 1356 l
210 1318 240 1363 ιιι
252 1308 364 1363 eredunt
375 1308 402 1361 iu
415 1305 565 1369 Christum,
580 1305 627 1359 sed
640 1303 767 1359 Christus
786 1318 838 1358 uon
849 1303 936 1357 credit
956 1315 1000 1358 se

210 1402 297 1470 ipsum
311 1399 361 1464 εἰε,
373 1399 436 1469 quia
450 1399 503 1453 nisi
514 1399 575 1467 quis
591 1408 702 1453 renatus
719 1397 801 1451 luerit
827 1412 860 1450 ex
882 1412 951 1467 aquo
974 1403 1002 1451 et

210 1492 315 1562 spiritu,
334 1506 386 1545 nou
398 1498 488 1560 potest
506 1489 618 1543 introire
633 1489 659 1542 in
678 1504 788 1560 regnum
812 1487 870 1543 Dei.
894 1485 1000 1542 Nemini

210 1597 274 1636 vero
287 1581 414 1636 secreuit
430 1580 563 1646 Christus,
576 1580 627 1634 nisi
640 1581 686 1650 qui
706 1581 803 1650 diguus
822 1588 864 1635 est
885 1579 1000 1635 introire

209 1673 237 1727 in
250 1686 363 1742 regnum
378 1669 436 1734 Dei,
450 1670 538 1725 nullus
555 1671 627 1725 enim
651 1670 749 1741 dignus
771 1677 813 1724 est
835 1669 948 1724 introire
972 1669 999 1723 in

210 1775 323 1830 reguum
341 1760 404 1825 hei,
418 1759 470 1813 nisi
485 1760 530 1828 qui
546 1767 656 1814 renatus
669 1768 711 1814 est
722 1774 755 1813 cx
767 1773 838 1830 aquo
851 1765 878 1813 ct
891 1758 998 1828 spiritu.
1013 1730 1038 1790 B

314 1893 419 1947 FEth
433 1891 576 1960 QUARTA
594 1891 682 1948 POST
697 1891 894 1962 YlCESlhlhhl.

384 2020 553 2060 m'sucmrun
572 2020 691 2070 sorums,
709 2020 769 2060 cro.
785 2022 822 2060 rx.

247 2136 256 2168 ι
278 2117 440 2172 Praeteriens
455 2116 535 2172 lesus
546 2117 614 2171 vidit
626 2116 763 2172 hominem
784 2133 885 2173 caeeum
901 2133 915 2173 o
931 2117 1001 2172 nati-

212 2230 223 2260 r
244 2210 342 2271 vitute,
362 2216 390 2263 et
411 2209 647 2278 interrogaverunt
673 2224 735 2262 eum
755 2209 879 2278 discipuli
907 2208 967 2278 ejus
992 2229 998 2264 :

211 2319 220 2349 ι
245 2299 342 2361 Ruhhi,
354 2299 415 2368 quis
426 2298 559 2368 peccarit,
570 2297 615 2351 hic
630 2304 676 2350 out
686 2305 812 2366 parentes
824 2296 892 2366 ejus,
905 2307 936 2352 ιιι
949 2313 1000 2352 cte-

211 2409 220 2441 ι
245 2404 293 2443 cus
305 2387 479 2443 nasceretur?
492 2386 640 2456 Respondit
651 2384 749 2441 lesus:
766 2383 859 2456 Neque
870 2385 916 2440 hie
937 2401 1001 2455 pec·

212 2506 221 2536 ι
245 2485 317 2539 carit
339 2498 427 2554 neque
445 2491 572 2551 parentes
589 2479 662 2549 ejus,
679 2483 727 2536 sed
748 2488 777 2535 ut
792 2477 1001 2534 manifestentur

212 2595 221 2625 ι
245 2591 328 2646 opera
351 2575 398 2630 hei
421 2575 448 2628 in
467 2573 523 2627 illo.
544 2572 586 2626 hle
601 2579 708 2642 oportet
719 2570 827 2641 operari
845 2584 927 2641 opero
942 2567 1000 2637 ejus

212 2683 221 2715 ι
244 2664 289 2733 qui
303 2664 376 2718 misit
390 2678 444 2728 ure,
458 2662 543 2716 donce
567 2649 626 2716 dies
647 2669 699 2716 est.
721 2660 800 2717 Venit
817 2675 871 2714 nox
891 2658 1000 2728 qrrando

212 2776 221 2806 ι
245 2771 323 2810 ιιειιιο
346 2763 436 2824 potest
462 2754 581 2823 operari,
609 2752 728 2823 quandiu
752 2752 780 2806 in
806 2751 907 2807 mundo
928 2765 999 2815 sum,

212 2865 221 2895 ι
244 2847 289 2900 lus
305 2861 364 2900 smn
377 2844 479 2898 mundi.
495 2843 557 2898 lime
568 2858 629 2898 enm
645 2842 877 2912 dixisset,expuit
896 2841 923 2895 in
945 2848 1001 2895 ter·

211 2956 221 2986 ι
246 2942 352 3000 romei
365 2932 429 2989 lecit
438 2934 524 2987 lutum
535 2949 569 2988 ει
583 2941 673 3003 sputo,
683 2941 711 2987 et
720 2933 809 2987 linivit
820 2932 905 2987 lutum
918 2945 1001 3000 super

213 3048 222 3078 ι
244 3027 338 3080 oculos
347 3027 416 3095 eius,
428 3034 456 3079 et
469 3025 536 3080 dixit
549 3025 574 3079 ei
590 3043 596 3077 :
613 3025 688 3080 Vade
702 3033 729 3079 et
747 3024 839 3078 lavore
851 3023 880 3077 in
892 3029 1000 3077 notato·

1053 483 1063 514 ι
1084 463 1125 517 los
1138 461 1197 530 ejus
1212 474 1260 514 nos
1280 458 1427 520 nescimus,
1440 455 1526 523 ipsum
1548 453 1722 521 interrogate,
1735 457 1845 505 aetatertt

1052 575 1062 608 ι
1084 553 1175 618 hahet,
1187 553 1245 623 ipse
1256 552 1289 606 de
1303 564 1333 605 εε
1344 549 1481 618 loquatur.
1502 545 1566 599 llaec
1580 543 1705 598 dicebant
1715 549 1846 612 parentet

1053 666 1062 698 ι
1085 644 1153 713 ejus,
1165 644 1228 714 quin
1243 640 1374 695 timebunt
1383 637 1499 705 ludaeos,
1511 634 1571 690 lum
1586 633 1659 687 enim
1671 634 1846 704 conspirare·

1053 757 1062 790 ι
1085 749 1147 791 rant
1160 735 1257 800 luthei,
1270 739 1299 787 ut
1318 733 1341 787 si
1359 732 1419 801 quis
1433 746 1494 784 eum
1505 727 1682 784 confiteretur
1693 725 1845 795 Christum,

1053 851 1062 884 ι
1086 840 1163 888 extra
1179 845 1344 903 synogogam
1369 827 1455 881 lieret.
1470 825 1617 895 Propterea
1636 830 1763 892 parentes
1785 819 1845 892 eius

1053 942 1063 975 r
1086 924 1213 978 dineront
1230 942 1237 978 :
1254 923 1317 993 quia
1331 928 1439 975 {etatem
1452 918 1543 983 hebet,
1557 917 1646 988 ipsum
1665 916 1843 986 interrogate.
1861 922 1865 929 “

1054 1033 1064 1065 ι
1085 1015 1257 1070 locaverunt
1269 1027 1333 1084 ergo
1348 1025 1457 1066 rursum
1474 1007 1611 1064 hominem
1625 1006 1671 1076 qui
1686 1006 1775 1061 luerat
1788 1021 1845 1061 ees·

1055 1124 1064 1157 ι
1086 1121 1145 1167 cus,
1157 1113 1185 1161 et
1198 1105 1326 1160 dixerunt
1341 1103 1367 1158 ei
1382 1121 1388 1156 ε
1401 1102 1440 1156 Do
1452 1101 1566 1172 gloriam
1585 1100 1656 1164 heo,
1669 1113 1719 1154 uos
1740 1099 1845 1154 scimus

1054 1218 1063 1248 ι
1085 1199 1148 1267 quin
1163 1198 1207 1253 hic
1223 1198 1304 1253 homo
1318 1203 1445 1266 peccotor
1462 1203 1513 1247 est.
1530 1192 1603 1246 Dixit
1625 1205 1690 1260 crgo
1713 1189 1758 1245 illc
1783 1208 1789 1243 :
1815 1188 1846 1245 st

1055 1310 1064 1340 ι
1088 1298 1216 1361 peccator
1230 1296 1271 1343 cst
1283 1288 1389 1354 nescim
1402 1301 1484 1340 unum
1505 1284 1650 1353 seimonis
1671 1297 1758 1337 crocus
1781 1295 1845 1336 cum

1055 1402 1063 1433 ι
1088 1396 1186 1445 εεεειιι,
1204 1381 1284 1435 modo
1295 1379 1383 1434 rideo.
1397 1378 1530 1433 Riserunt
1543 1375 1655 1447 ergoilli
1673 1391 1679 1427 ε
1695 1373 1765 1440 erid
1781 1371 1847 1426 lec-it

1054 1491 1064 1524 r
1088 1471 1154 1527 tihi?
1169 1471 1304 1540 qurunodo
1317 1469 1423 1539 operuit
1433 1468 1481 1524 tihi
1494 1468 1604 1523 oculos?
1626 1465 1775 1536 Respondit
1785 1465 1843 1520 eis:

1055 1582 1064 1616 ι
1088 1563 1150 1617 Dixi
1162 1563 1239 1617 robis
1249 1562 1306 1632 jam
1321 1568 1348 1615 et
1359 1560 1482 1626 audistis,
1494 1558 1557 1629 quid
1578 1559 1675 1613 iterum
1695 1556 1776 1611 vultis
1796 1570 1846 1610 nu·

1055 1674 1064 1706 ι
1085 1655 1161 1710 dire?
1175 1654 1301 1724 Nunquid
1319 1660 1347 1709 et
1369 1668 1418 1708 ros
1441 1651 1521 1706 rolris
1539 1649 1663 1719 discipuli
1684 1646 1743 1716 cjrrs
1768 1645 1845 1701 lieri?

1055 1765 1064 1797 ι
1087 1745 1284 1801 maledixerunt
1296 1744 1321 1799 ei
1334 1752 1359 1798 et
1373 1744 1501 1798 dixerunt
1517 1759 1523 1793 :
1541 1740 1580 1794 Τιι
1600 1738 1748 1808 discipulus
1772 1737 1845 1792 itlius

1055 1857 1063 1889 ι
1087 1839 1140 1903 sis,
1152 1853 1201 1893 nos
1212 1845 1303 1892 sutem
1314 1835 1399 1907 Moysi
1415 1833 1539 1904 discipuli
1556 1848 1659 1887 sumus.
1675 1830 1730 1887 Nos
1743 1831 1846 1885 scimus

1055 1948 1063 1981 ι
1085 1931 1148 2000 quis
1164 1929 1248 2000 Moysi
1262 1931 1370 1984 locutus
1381 1925 1590 1989 estoeusmonc
1601 1932 1691 1977 autem
1707 1921 1846 1977 nescimus

1054 2038 1064 2072 ι
1087 2020 1158 2075 unde
1176 2021 1219 2075 sit.
1234 2019 1383 2091 Respondit
1400 2018 1444 2072 ille
1459 2018 1551 2082 homo,
1566 2024 1593 2071 ct
1603 2015 1670 2071 dixit
1680 2015 1720 2069 cis
1732 2035 1738 2068 ι
1752 2015 1781 2068 ln
1793 2013 1846 2070 hoc

1054 2130 1064 2162 ι
1085 2112 1158 2166 cuim
1171 2113 1295 2167 mirabile
1315 2120 1368 2176 est,
1381 2111 1445 2180 quin
1458 2125 1508 2165 ros
1526 2109 1637 2164 nescitis
1660 2110 1731 2163 unde
1754 2109 1802 2174 sit,
1818 2116 1846 2163 ct

1054 2225 1063 2255 ι
1086 2206 1394 2275 operuitoculosmcos.
1417 2204 1524 2260 Scimus
1544 2210 1634 2258 ιιιιιειιι
1659 2201 1721 2272 quin
1744 2215 1846 2271 pecea-

1054 2315 1062 2346 ι
1087 2304 1160 2350 ιοιεε
1175 2297 1247 2351 Deus
1260 2312 1311 2351 non
1326 2297 1414 2361 audit,
1428 2297 1475 2351 sed
1488 2296 1511 2350 si
1526 2294 1587 2364 quis
1608 2292 1655 2348 Dei
1679 2291 1768 2346 cultor
1791 2299 1835 2345 cst

1054 2405 1063 2437 ι
1086 2393 1113 2441 ει
1131 2387 1296 2442 ιοΙιιιιιιιειιι
1311 2387 1368 2457 rjus
1382 2387 1456 2451 lucit,
1470 2388 1542 2441 lrunc
1561 2383 1717 2441 eremite
1744 2383 1846 2438 saecolo

1054 2497 1062 2530 ι
1085 2487 1196 2534 nonest
1211 2479 1347 2543 auditum,
1362 2479 1425 2548 quio
1455 2478 1562 2548 operuit
1581 2477 1642 2547 quis
1665 2476 1758 2532 oculos
1777 2476 1843 2530 eaeei

1054 2590 1063 2623 ι
1084 2572 1158 2626 nati?
1172 2570 1223 2625 nisi
1235 2578 1308 2625 esset
1319 2571 1364 2626 hie
1376 2586 1391 2624 ιι
1401 2569 1468 2634 Deo,
1481 2585 1534 2625 non
1545 2575 1652 2639 poterat
1662 2568 1753 2623 locere
1767 2569 1845 2638 quid-

1054 2683 1074 2725 ι,
1086 2680 1178 2734 quam.
1193 2661 1401 2732 Responderunt
1414 2669 1441 2715 et
1463 2661 1590 2715 dixerunt
1612 2659 1637 2714 ei
1651 2674 1658 2710 e
1672 2659 1701 2713 ln
1726 2658 1844 2728 peccatis

1054 2775 1063 2807 ι
1086 2765 1167 2810 natus
1179 2770 1208 2809 es
1230 2761 1313 2815 totus,
1323 2759 1351 2805 et
1363 2761 1392 2805 tu
1405 2752 1486 2806 doces
1499 2751 1567 2804 nos?
1581 2750 1615 2804 Et
1628 2749 1770 2819 ejecerunt
1783 2763 1845 2804 euru

1055 2866 1064 2898 ι
1083 2845 1168 2901 loros.
1181 2843 1289 2898 dtrdirit
1300 2841 1379 2897 lesus
1394 2842 1457 2912 quia
1475 2842 1614 2913 ejecerunt
1634 2856 1696 2895 eum
1715 2840 1799 2906 lorus,
1816 2846 1845 2894 et

1054 2957 1064 2989 ι
1087 2953 1149 2993 cum
1163 2937 1309 2991 invenisset
1322 2949 1393 3000 eum,
1405 2932 1475 2987 dixit
1494 2933 1539 2987 ei:
1561 2932 1600 2986 Tu
1614 2932 1701 2987 credis
1718 2932 1745 2986 in
1758 2932 1843 2986 lilioso

1054 3049 1064 3081 ι
1085 3029 1149 3084 hei?
1168 3027 1316 3098 Respondit
1330 3026 1413 3081 illeet
1426 3025 1513 3080 dixit:
1527 3024 1593 3091 Quis
1610 3031 1662 3088 est,
1677 3023 1801 3087 homine,
1815 3029 1846 3077 ut

213 3137 221 3168 ι
245 3119 285 3171 rio
302 3116 385 3181 Silue,
400 3116 471 3185 quod
495 3117 687 3184 interpretatur
706 3115 815 3170 missus.
840 3113 915 3169 Abiit
934 3092 1036 3184 ergoC
1054 3139 1063 3171 ι
1086 3119 1193 3175 credam
1209 3118 1236 3172 iu
1248 3118 1327 3171 eum?
1343 3116 1376 3171 Et
1391 3116 1458 3171 dixit
1472 3116 1497 3170 ci
1510 3116 1589 3172 lesus
1602 3134 1608 3169 :
1621 3116 1653 3169 Et
1666 3113 1757 3169 vidisti
1768 3127 1843 3178 eum,

214 3231 223 3260 ι
247 3218 274 3265 ει
291 3209 366 3273 Ιιιίι,
379 3216 407 3263 ει
420 3207 494 3261 renit
512 3207 616 3262 videus.
631 3206 724 3276 ltaque
743 3207 825 3261 ricini
835 3215 863 3261 et
872 3207 918 3276 qui
927 3206 1001 3262 ride·
1054 3228 1064 3262 ι
1086 3216 1114 3264 ει
1131 3210 1175 3278 qui
1194 3208 1315 3279 loquitur
1329 3217 1418 3263 tecum
1434 3208 1552 3278 ipseest.
1569 3207 1604 3261 ht
1617 3206 1661 3263 ille
1676 3207 1714 3261 oit
1725 3224 1731 3259 :
1743 3205 1844 3271 Credo,

215 3321 224 3351 ι
248 3308 310 3354 rarrt
324 3315 386 3356 eum
404 3300 492 3370 prius,
510 3300 574 3369 quia
589 3301 730 3356 mendicus
748 3308 822 3367 erut,
837 3300 963 3357 dicebant
991 3318 998 3355 :
1054 3319 1063 3353 ι
1087 3300 1211 3365 Domine,
1225 3308 1253 3356 et
1264 3299 1406 3370 procidens
1422 3299 1545 3354 adoraris
1563 3313 1635 3353 cum.
1651 3318 1659 3350 ι

211 3412 221 3443 ι
246 3391 339 3446 Nonne
360 3392 404 3446 hic
427 3405 469 3446 est
492 3391 538 3461 qui
566 3391 676 3446 sedehat
698 3401 726 3447 et
746 3385 934 3447 mendicabat?
947 3391 1001 3447 Alii
1087 3385 1244 3443 Prreterieus
1269 3386 1348 3443 lesus
1366 3388 1429 3443 uidit
1448 3388 1578 3443 honrioem
1595 3403 1724 3441 coeunte
1748 3372 1845 3441 isotiei-

212 3503 221 3532 ‹
245 3483 381 3548 dicebant,
393 3483 456 3551 quia
480 3482 525 3538 hie
550 3491 601 3538 cst.
626 3483 678 3537 dlii
703 3492 803 3552 autem,
817 3499 998 3555 nequequam,
1052 3490 1115 3547 tute,
1129 3489 1182 3536 etc.
1195 3478 1287 3536 Genus
1300 3480 1446 3534 humanum
1464 3479 1600 3549 signilieat
1611 3481 1766 3535 isteeaeeus.
1779 3480 1845 3536 lhee

213 3593 221 3624 ι
246 3575 292 3629 scd
307 3574 404 3630 similis
416 3582 458 3630 εει
471 3575 506 3628 ei.
521 3574 567 3628 llle
579 3591 644 3630 vero
657 3575 773 3641 dicebat,
789 3577 852 3648 quia
865 3592 916 3647 ego
929 3592 1000 3633 sum.
1051 3573 1123 3628 cuim
1134 3573 1242 3628 cecitas
1250 3571 1362 3641 contigit
1372 3572 1399 3626 iu
1409 3572 1497 3642 primo
1507 3573 1617 3627 homine
1626 3588 1676 3642 per
1688 3579 1841 3642 peceatum,

212 3684 221 3714 ι
247 3665 374 3719 hicehont
388 3680 453 3734 ergo
466 3665 490 3719 ei
507 3666 667 3732 :Quomodo
679 3669 765 3738 operti
778 3678 841 3725 sunt
855 3669 1002 3725 tihioculi?
1051 3664 1085 3719 de
1102 3679 1155 3734 quo
1175 3678 1271 3719 onmes
1288 3663 1420 3733 originem
1438 3663 1574 3728 duximus,
1588 3679 1642 3717 non
1661 3664 1747 3719 solum
1768 3678 1843 3717 mor·

212 3770 221 3801 ι
247 3751 393 3822 Respondit
406 3771 412 3807 :
425 3752 562 3808 lllehomo
575 3756 620 3824 qui
633 3756 925 3824 diciturlesus‚lutmn
938 3758 1003 3814 lecit
1053 3757 1097 3822 tis,
1112 3757 1161 3812 sed
1183 3757 1266 3811 etiam
1280 3755 1444 3825 iniquitatis.
1466 3755 1547 3811 h'cnit
1566 3757 1707 3822 Dominus,
1720 3757 1793 3825 spuit
1813 3755 1843 3811 in

213 3861 221 3891 ι
245 3850 272 3896 et
286 3842 363 3896 unxit
377 3842 471 3897 oculos
485 3857 571 3908 meos,
583 3850 612 3898 et
631 3844 699 3899 dixit
713 3844 779 3899 mihi
793 3863 800 3899 :
819 3845 892 3901 Vade
909 3847 943 3902 ad
954 3863 1002 3903 nu·
1053 3863 1163 3927 terrum,
1176 3853 1208 3908 de
1222 3853 1305 3907 solito
1322 3867 1371 3907 sus
1381 3852 1466 3907 lutum
1480 3852 1553 3918 lecit,
1570 3853 1632 3922 quia
1647 3853 1758 3906 verbum
1777 3835 1843 3907 coro

213 3953 221 3984 ι
247 3934 372 3988 [sutorium
401 3932 488 3999 Silue,
509 3941 538 3988 et
557 3934 626 3988 lars.
642 3934 676 3990 h't
694 3937 747 3991 atrii
763 3946 791 3991 et
805 3938 858 3993 lari
872 3947 900 3994 et
911 3940 999 3996 video.
1051 3943 1152 3998 loetum
1164 3949 1249 4007 cst‚et
1262 3943 1339 3996 unxit
1351 3943 1568 4008 oculos,etmisit
1578 3942 1652 3996 illum
1662 3942 1697 3996 ad
1707 3942 1841 4012 piscinam

215 4043 223 4072 ι
247 4024 281 4077 ht
293 4024 419 4079 dixerunt
431 4024 456 4079 ei
472 4042 479 4078 ι
497 4025 549 4080 Uhi
563 4034 605 4081 εει
622 4024 687 4081 illc?
710 4027 749 4081 sit
764 4045 771 4081 :
786 4030 887 4085 nescio.
911 4030 1003 4086 hodu-
1052 4032 1169 4099 siloem,
1181 4033 1227 4102 qui
1245 4033 1440 4102 interpretatur
1460 4034 1568 4088 missus.
1594 4032 1691 4088 hlissus
1713 4049 1779 4090 vcro
1800 4044 1844 4091 est

138 4123 146 4137 '
213 4136 221 4168 ι
243 4125 308 4171 cunt
324 4132 386 4172 eum
404 4118 438 4172 ad
456 4117 623 4182 Pharisaeos,
640 4120 685 4190 qui
705 4135 793 4176 eaecus
814 4121 912 4176 lucrat.
936 4122 1003 4178 Erat
1051 4123 1470 4191 DominuslesusChristus;nisi
1482 4125 1554 4179 enim
1567 4124 1611 4179 ille
1624 4122 1719 4179 luisset
1731 4129 1840 4192 missus,

215 4227 224 4257 ι
248 4206 498 4263 outemSabbotum
509 4211 616 4278 quondo
631 4211 717 4266 lotum
730 4212 793 4267 feeit
804 4210 928 4280 lesus,et
939 4229 1002 4285 spe-
1053 4235 1131 4274 nemo
1146 4227 1269 4274 nostrum
1280 4225 1353 4273 esset
1377 4219 1411 4273 uh
1434 4218 1577 4288 iniquitute
1601 4218 1738 4272 dimissus.
1764 4219 1843 4274 Lavit

213 4321 222 4353 ι
246 4304 300 4358 ruit
312 4304 404 4360 oculos
417 4306 485 4376 ejus.
507 4304 607 4362 lterum
630 4322 696 4379 engo
713 4307 918 4379 interrogabunt
939 4323 1000 4364 cum
1051 4311 1219 4382 ergooculos
1239 4311 1266 4366 in
1281 4325 1312 4365 cn
1331 4311 1443 4381 piscina,
1455 4310 1607 4379 baptizatus
1621 4318 1663 4364 est
1679 4310 1705 4363 iu
1720 4309 1842 4377 Christo,

212 4413 221 4443 ι
245 4394 385 4461 Pharisaei,
399 4398 533 4466 quomodo
547 4399 668 4454 uidisset.
683 4399 729 4455 lllc
744 4410 834 4456 autem
850 4401 918 4455 dixit
936 4402 976 4456 eis
991 4420 997 4455 :
1011 4436 1039 4495 D
1051 4410 1079 4456 ει
1093 4400 1522 4456 illuminatusestCaecitsscnim
1536 4399 1845 4463 toldettmsestetitto-

212 4502 221 4533 ι
242 4485 339 4538 Lutum
353 4485 419 4538 mihi
432 4487 523 4553 posuit
541 4503 623 4556 super
635 4489 738 4552 οειιΙοε,
753 4497 780 4544 ει
794 4490 846 4543 luri
861 4496 889 4544 et
907 4491 996 4545 rideo.

212 4592 221 4624 ι
246 4574 450 4644 Dicebantergo
465 4589 497 4628 cn
515 4571 660 4631 Phorisscis
672 4577 783 4647 quidam
798 4598 805 4633 ε
822 4577 881 4632 Νοιι
893 4586 937 4633 εει
954 4580 999 4634 hic

212 4685 221 4716 ι
244 4668 325 4722 lroum
338 4682 354 4721 a
365 4667 421 4722 Deo
433 4667 479 4737 qui
493 4666 642 4723 Sohhotum
652 4686 706 4725 non
719 4671 845 4726 custodit.
857 4670 910 4727 hlii
924 4671 998 4726 dioe-

212 4777 221 4809 r
245 4759 310 4812 hant
326 4776 333 4812 ε
353 4758 493 4826 Quomodo
506 4769 594 4830 potest
609 4761 689 4816 homo
703 4771 832 4833 peccator
843 4765 903 4819 hoec
920 4765 998 4836 signa

213 4869 221 4901 ι
244 4850 350 4906 lacere?
364 4852 399 4906 Et
408 4854 525 4908 schisma
537 4853 917 4925 eratintoreoshteumergo
927 4870 999 4912 caeott

211 4962 221 4995 r
245 4943 342 4997 iterum
358 4963 364 4998 :
378 4943 418 4998 'lu
428 4943 494 5015 quid
509 4945 577 5000 dicis
591 4946 623 5000 de
635 4960 679 5010 co,
691 4947 736 5015 qui
751 4947 857 5017 operuit
873 4947 921 5001 tihi
934 4963 997 5003 oco·

212 5052 221 5084 ι
244 5033 284 5086 los
309 5034 386 5088 tuos?
411 5034 457 5089 lile
479 5043 568 5090 sutem
585 5036 652 5091 dixit
669 5055 675 5090 :
694 5037 762 5102 Quia
786 5040 917 5107 prophcm
945 5051 996 5097 cst.

212 5145 221 5177 ι
244 5125 301 5180 Νιιιι
317 5127 490 5182 crediderunt
504 5127 665 5197 ergolndaei
688 5129 722 5207 de
744 5129 800 5197 illo,
824 5132 887 5199 quio
911 5149 1000 5190 caecus

212 5241 220 5272 ι
242 5221 375 5276 luissctet
391 5221 512 5289 vidisset,
527 5224 613 5279 donce
632 5232 795 5279 rocaverunt
805 5233 931 5294 parentes
942 5225 1000 5295 ejus

1051 4494 1164 4547 minutio
1174 4491 1250 4546 lidos.
1263 4489 1445 4557 Quaestionem
1459 4491 1558 4560 ‹prippe
1568 4490 1681 4543 hornino
1694 4504 1844 4560 proposue-

1050 4592 1131 4638 runt:
1149 4582 1214 4649 Quis
1235 4581 1358 4653 peccarit,
1375 4581 1417 4635 lric
1433 4591 1478 4633 ortt
1494 4589 1614 4650 parentes
1631 4579 1845 4649 circumsecus

1050 4686 1200 4731 nosceretur
1208 4672 1470 4743 chsponditlesus:
1480 4670 1617 4741 Nepuehic
1627 4675 1753 4742 percurrit,
1761 4690 1843 4745 nepus

1049 4770 1288 4840 poreutesejus,ut
1313 4784 1396 4821 cecus
1420 4774 1579 4819 irasceretur.
1602 4765 1745 4821 llobchsnt
1768 4768 1841 4824 euim

1050 4870 1192 4931 peecatum
1206 4867 1331 4932 parentes
1343 4857 1413 4929 ejus,
1424 4859 1470 4915 sed
1482 4874 1534 4914 non
1547 4860 1604 4928 ipso
1617 4870 1728 4928 peccato
1738 4860 1842 4916 loetum

1050 4959 1101 5016 cst,
1125 4960 1155 5005 ιιι
1176 4965 1264 5004 cecus
1287 4959 1462 5014 nosceretur,
1481 4949 1526 5004 scrl
1556 4959 1583 5002 ut
1607 4951 1843 5018 rnnuilestorentur

1050 5058 1129 5114 opero
1147 5041 1192 5095 Dei
1204 5044 1231 5095 in
1245 5039 1300 5094 rllo‘.
1315 5041 1391 5108 Quod
1406 5050 1497 5095 autem
1511 5040 1576 5096 dicit
1592 5058 1598 5093 :
1614 5039 1657 5095 hle
1670 5052 1768 5112 opertet
1783 5060 1844 5114 ope-

1050 5130 1106 5184 rori
1118 5146 1197 5200 opero
1209 5130 1267 5198 ejus
1279 5131 1323 5200 qui
1345 5130 1414 5183 irrisit
1435 5146 1486 5194 stre,
1511 5130 1593 5184 detrec
1609 5131 1726 5195 diesem,
1741 5141 1844 5186 semet·

1051 5226 1139 5296 ipsum
1151 5223 1244 5292 utique
1257 5223 1328 5277 diem
1339 5222 1367 5277 in
1389 5223 1440 5278 hoc
1454 5223 1513 5277 loco
1533 5223 1617 5280 voluit
1630 5208 1745 5296 intelligi
1760 5241 1768 5290 ;
1783 5225 1841 5295 ipsc

212 5331 220 5364 ι
243 5313 289 5382 qui
302 5311 415 5379 rideret,
428 5321 455 5367 et
469 5314 705 5385 interrogaverunt
716 5329 764 5370 εοε
785 5314 908 5371 dicentes
923 5335 929 5370 ε
946 5317 997 5374 llic
1047 5317 1119 5371 euim
1128 5315 1167 5369 oit
1179 5331 1186 5367 :
1200 5312 1323 5378 Quamdiu
1335 5329 1393 5367 sum
1406 5313 1433 5367 iu
1447 5316 1496 5368 lroe
1506 5313 1657 5369 mrrmlolue
1666 5330 1725 5368 sum
1736 5315 1840 5370 mundi.

211 5421 220 5455 ι
242 5410 285 5456 εει
295 5401 367 5456 trtius
377 5409 565 5471 nesteronem
577 5418 625 5458 ros
637 5404 736 5468 dicitis,
745 5405 808 5474 quio
820 5414 998 5463 caecosnntus
1047 5408 1124 5475 Quod
1138 5420 1203 5461 tero
1216 5405 1254 5458 til
1270 5423 1276 5459 ε
1301 5402 1375 5460 Venit
1391 5423 1452 5469 ooo.
1469 5408 1496 5461 iu
1517 5425 1569 5479 quo
1594 5424 1668 5461 uerso
1681 5416 1763 5476 potest
1779 5422 1842 5477 ope-

211 5513 220 5541 ι
243 5502 293 5548 εει.
310 5493 450 5560 Quomodo
464 5508 530 5564 ergo
543 5510 614 5549 nuuc
626 5494 717 5548 ridet?
736 5494 944 5566 Responderunt
957 5498 997 5554 cis
1049 5497 1112 5560 ruri,
1128 5497 1161 5551 dc
1178 5503 1256 5550 nocte
1282 5496 1327 5550 illa
1349 5504 1450 5552 telerna
1477 5500 1674 5567 tenehroanue
1698 5497 1780 5561 dicit,
1793 5497 1847 5551 uhi

212 5585 480 5657 rpnrurrtesejuset
501 5585 648 5641 dixerunt:
669 5586 775 5641 Scinms
798 5588 861 5658 quio
887 5589 931 5645 hic
956 5598 998 5645 est
1049 5589 1155 5658 reprohi
1179 5587 1318 5643 cruciandi
1347 5598 1410 5643 sunt
1437 5592 1494 5645 sinc
1516 5589 1576 5653 lunc,
1596 5589 1694 5660 quihus
1709 5589 1829 5645 dicetur:
1879 5598 1890 5618 ·

213 5696 219 5726 r
239 5678 309 5735 tilius
333 5687 434 5751 noster,
449 5678 553 5750 etquis
576 5693 664 5735 cecos
688 5687 767 5736 nutus
789 5688 840 5747 est,
863 5682 996 5751 quomodo
1049 5684 1226 5754 irrisionem
1244 5694 1378 5753 eternum,
1395 5686 1439 5753 qui
1452 5695 1560 5754 perusus
1576 5695 1617 5740 εει
1630 5682 1770 5758 ιιιιιοιοῇιι
1792 5702 1839 5738 ιιι-
