3810 6120
138 296 188 395 idi
557 256 816 393 cottsscmoutts
834 334 868 391 itt
888 335 1079 393 epistulas
1097 337 1142 396 ET
1162 337 1369 397 evaderem.
1726 343 1781 402 Μ

137 457 167 507 et
177 448 208 505 iu
221 438 303 506 uubis
311 453 355 504 cst
363 443 454 502 iututra
465 444 619 518 slquitteat,
629 448 693 518 quia
703 462 757 505 non
769 448 840 504 sieut
850 446 933 519 Euty·
947 449 973 509 Α
985 455 1047 518 post
1062 451 1288 507 resurrectionem
1300 450 1407 508 Domini
1423 460 1549 522 patenter
1561 463 1734 525 accepemus,
1752 468 1783 514 ut

137 544 219 602 ebius
232 537 545 610 Comitudwpolitanae
557 538 633 595 urbis
649 539 792 611 episeopus
806 538 934 610 scripit:
987 540 1117 611 prodesse
1128 558 1182 599 non
1200 544 1295 614 paucis
1308 544 1355 600 sed
1370 544 1491 616 pluribus
1503 553 1623 617 possent.

139 634 264 708 «Corpus
275 641 400 691 noetmm
410 633 437 689 iu
449 631 495 688 illa
505 631 713 688 resurrectionis
724 630 809 703 gloria
820 629 873 686 erit
887 629 937 684 im-
1024 631 1136 690 Tiomns
1150 647 1317 692 ostensurus
1331 637 1521 703 deduodecim,
1536 639 1582 710 qui
1592 639 1689 695 dicitur
1699 641 1784 716 Didy-

135 725 291 802 pulpsblls,
305 724 395 781 ventis
407 737 526 794 aereque
538 720 673 778 subtilius.
690 721 719 776 lu
734 716 780 777 illu'
793 721 866 776 enim
891 736 935 776 rc·
985 741 1056 790 mus,
1070 743 1122 781 non
1134 738 1202 793 erut,
1223 737 1275 785 ete.
1292 728 1344 801 (Ex
1356 728 1451 803 Greg.)
1475 730 1529 786 lste
1550 746 1621 786 unus
1634 731 1784 803 discipulus

134 814 935 890 nmscdouisqleriseritoorpusuostrumsubtilequidem
985 818 1082 884 detuit,
1097 835 1234 886 reuersus,
1257 822 1329 891 quod
1343 832 1450 893 gestum
1472 828 1527 886 est,
1553 823 1673 890 audiuit,¹
1691 825 1783 880 audita

136 928 190 988 per
209 911 338 970 sdeotum
360 909 512 982 spiritualis
532 908 675 995 potentiae,
698 907 745 963 sed
761 916 789 964 et
802 907 935 980 palpabile
984 911 1097 967 credere
1112 911 1213 967 renuit.
1232 909 1313 967 lenit
1327 912 1426 968 iterum
1440 911 1583 981 Dominus,
1605 922 1633 970 et
1652 930 1706 970 non
1723 930 1783 972 ere-

134 1016 187 1075 psr
199 1001 345 1058 veritatem
357 1007 474 1055 naturae.
489 1018 498 1051 r
513 997 607 1068 Neque
621 992 685 1054 buie
697 997 842 1053 assertioni
854 1004 933 1068 pute-
984 1000 1058 1059 denti
1083 1002 1231 1072 discipulo,
1253 1003 1326 1061 latus
1348 1003 1512 1076 palpandum
1533 1006 1658 1075 praebuit,
1684 1022 1783 1066 manus

135 1089 319 1163 turlpostoti
331 1104 424 1145 sermo
439 1103 607 1173 repuqnnre,
621 1089 685 1158 quia
698 1102 763 1143 caro
781 1095 809 1142 et
825 1088 935 1160 sanguis
983 1093 1113 1160 ostendit,
1130 1103 1160 1150 et
1172 1103 1281 1152 ostensu
1296 1113 1406 1155 suorum
1428 1098 1571 1154 vulnerum
1586 1100 1724 1165 cicatrice,
1740 1101 1784 1158 ln·

135 1193 252 1250 nuum
272 1178 320 1236 liei
341 1194 396 1234 nou
415 1178 603 1250 possidebunt.
624 1177 682 1233 lloe
699 1175 773 1234 euim
790 1175 851 1234 loeo
862 1177 934 1249 apo
983 1183 1124 1245 fidelitatis
1137 1189 1209 1246 illius
1223 1191 1321 1248 uulnus
1337 1192 1452 1248 sanavit.
1469 1193 1549 1261 Quid,
1566 1192 1666 1250 tratres
1679 1195 1782 1252 cbaris-

134 1277 223 1336 stolus
234 1277 327 1336 caruis
338 1286 368 1333 et
379 1276 520 1347 sanguinis
538 1276 734 1340 nomine,uon
753 1273 934 1330 substantiam
982 1275 1054 1342 simi,
1073 1278 1138 1349 quid
1159 1278 1232 1337 iuter
1248 1281 1306 1338 baec
1322 1282 1559 1339 animadvertitis?
1571 1282 1697 1356 Numquid
1715 1300 1779 1341 essu

134 1368 195 1424 reri
207 1367 348 1439 corporis,
369 1366 416 1423 sed
436 1366 639 1437 eormptionem
658 1364 834 1421 mortaiitatis
851 1364 934 1437 siqni-
982 1378 1088 1440 gestum
1112 1373 1253 1441 ereditur,
1283 1375 1445 1432 etelectus
1473 1376 1518 1432 ille
1543 1375 1701 1446 dlseipulus·
1714 1385 1780 1434 turno

133 1457 213 1526 flent,
223 1459 298 1516 sierrt
309 1458 368 1530 ipse
375 1467 578 1530 consequenter
589 1458 718 1529 exposuit
728 1497 737 1526 ,
747 1457 864 1516 diceus:
878 1457 933 1514 Ne-
982 1459 1100 1528 deesset,
1113 1467 1261 1535 postbeee
1274 1466 1388 1523 ueniens
1405 1467 1527 1533 audiret,¹
1545 1467 1658 1524 audiens
1671 1467 1780 1524 dubita·
1844 1472 1865 1487 ’

132 1566 185 1625 que
203 1551 338 1622 mptio
350 1550 555 1621 incorruptelam
566 1550 716 1621 possidetis.
982 1559 1035 1617 ret,
1050 1551 1176 1609 dubitans
1187 1555 1329 1626 palparet·
1344 1556 1459 1626 palpans
1479 1556 1626 1613 crederet?
1651 1555 1711 1612 Non
1726 1557 1780 1616 boe

169 1643 243 1702 Dicit
257 1655 319 1713 erqo
330 1643 497 1698 eitimam:
513 1640 574 1699 Puer
592 1643 674 1699 reiis.
697 1642 749 1715 (Ex
763 1641 858 1715 (ἕως.)
876 1641 931 1700 ite-
981 1658 1057 1711 catu,
1073 1645 1219 1701 scddivinu
1231 1647 1432 1717 dispensatione
1446 1655 1552 1718 gestum
1565 1657 1617 1705 est.
1631 1648 1693 1721 Eqit
1703 1664 1781 1706 nam-

134 1736 208 1792 ratio
233 1733 564 1791 semuoulscondrmntio
575 1742 634 1791 est.
660 1733 737 1805 Quod
753 1743 846 1791 autem
865 1734 932 1791 dicit
981 1750 1033 1808 que
1047 1737 1117 1792 miro
1126 1739 1206 1793 modo
1225 1752 1342 1809 superna
1355 1739 1553 1805 elementia-ut
1564 1740 1714 1812 discipulus
1729 1741 1778 1797 dtu-

132 1826 274 1883 seeuude:
290 1825 352 1881 Pes
362 1825 444 1888 rolin
463 1827 583 1882 ostendit
594 1825 735 1897 paelilcata
752 1840 813 1881 csse
825 1839 885 1896 quae
903 1817 969 1882 inll
982 1828 1085 1894 bitans,
1098 1829 1163 1886 dum
1174 1831 1300 1902 maq'tstri
1312 1831 1480 1887 suiwlnera
1495 1831 1620 1902 palparet
1629 1835 1736 1899 carnis,
1749 1834 1779 1889 iu

131 1917 402 1987 subrueretque
417 1917 445 1973 iu
460 1916 774 1990 terrispersanssuinem
787 1931 877 1973 suum.
982 1920 1061 1977 nobis
1074 1919 1186 1978 ramera
1205 1931 1316 1977 sanaret
1330 1921 1510 1978 iulidelitatis.¹
1527 1921 1677 1979 Plusenim
1699 1924 1779 1981 nobis

169 2006 249 2065 sim
261 2009 333 2063 mitit
344 2024 386 2063 rue
403 2004 486 2064 Peter
501 2009 673 2079 eteqnmitte
683 2025 737 2064 rus.
754 2005 938 2066 Paterl'ilium
981 2009 1098 2068 rueme·
1111 2010 1257 2069 iuddelitat
1269 2012 1303 2068 ad
1319 2011 1588 2085 ddemrquamtrdee
1609 2016 1778 2072 credentium

132 2096 227 2178 rdsit,
251 2097 299 2171 qui
322 2096 396 2153 bune
411 2111 462 2168 pro
478 2098 664 2168 redemptione
692 2099 799 2169 generis
820 2097 932 2155 bumani
980 2099 1174 2172 discipulomm
1195 2101 1307 2173 proluit.
1332 2101 1547 2171 oeta-unmitte
1566 2103 1700 2160 adsedem
1717 2105 1777 2176 pal·

132 2188 271 2265 incarnari
283 2189 438 2246 coustituit
460 2188 706 2257 Quemvideiteet,
731 2190 758 2246 in
772 2189 873 2246 mundo
886 2204 932 2246 ue·
979 2194 1069 2262 pudo
1090 2192 1241 2256 reducitur,
1268 2203 1363 2249 nostra
1388 2207 1481 2261 ruens,
1508 2194 1595 2250 omni=
1610 2195 1779 2253 dubitatione

132 2278 194 2336 rim
207 2278 243 2335 ad
256 2279 411 2351 passionem
425 2279 521 2345 soluit,
538 2279 587 2335 sed
610 2287 702 2335 tamen
722 2278 930 2337 amaritl'llium
979 2284 1143 2355 postposita,
1152 2284 1188 2341 -iu
1201 2284 1254 2341 ilde
1267 2284 1407 2341 solidatur.

131 2384 215 2441 quern
234 2370 270 2426 ad
291 2369 448 2441 pensionem
466 2369 551 2426 misit.
576 2369 685 2426 Electus
706 2384 772 2426 uero
793 2368 931 2440 apostolos
1015 2374 1146 2431 Dixerum
1170 2393 1232 2448 erpo
1257 2375 1281 2431 si
1304 2374 1351 2431 ulii
1375 2375 1522 2447 discipuli:
1546 2374 1666 2431 Vidimus
1685 2376 1779 2433 bont-

131 2460 331 2519 namuurum
350 2461 385 2517 ad
398 2461 493 2517 muudi
507 2462 614 2532 gaudia,
630 2461 691 2527 sed,
705 2460 847 2532 sicutipse
865 2462 931 2519 mis-
980 2484 1052 2524 num.
1078 2467 1228 2524 lileuuterrt
1240 2467 1308 2523 uteie
1330 2468 1389 2524 eis:
1413 2465 1475 2523 Nisi
1495 2468 1585 2525 uidero
1603 2469 1642 2524 t'u·
1656 2469 1778 2524 mortibus

131 2563 233 2613 tuest
245 2554 281 2611 ad
293 2555 444 2625 pussiottes,
464 2554 492 2609 in
508 2551 638 2610 muudum
647 2554 747 2610 mittit.
772 2551 850 2611 Sicut
864 2569 930 2626 erge
978 2561 1037 2632 ejus
1050 2560 1323 2630 perimerentur,
1335 2568 1359 2615 et
1371 2559 1475 2614 mittunt
1486 2559 1709 2630 stipitum-meunt,
1722 2566 1776 2614 etc.

131 2644 245 2707 etiittm
256 2657 366 2704 ematur
379 2647 497 2714 aPatre,
511 2655 540 2704 et
551 2655 642 2703 tamen
655 2646 690 2703 ad
702 2646 855 2718 passionem
867 2648 931 2704 mit-
978 2648 1056 2719 Quod
1069 2657 1160 2707 autem
1174 2648 1241 2706 dicit
1261 2645 1393 2714 loannes,
1412 2664 1468 2705 non
1479 2663 1541 2704 eum
1554 2649 1609 2705 illis
1620 2648 1704 2704 luisse
1713 2656 1780 2704 turne

131 2738 211 2806 titur,
228 2738 309 2797 ittet
323 2738 449 2811 discipuli
462 2746 589 2795 amantur
607 2736 822 2810 abomiuo,qui
838 2745 929 2794 meten
978 2739 1133 2811 apostolum
1153 2737 1305 2805 Thomam,
1329 2753 1392 2794 cum
1413 2738 1562 2794 secundum
1585 2737 1698 2801 Lucam,
1723 2736 1779 2793 duo

131 2832 166 2890 ud
176 2832 336 2906 passionem
348 2832 495 2887 mittuntur
506 2829 535 2886 in
550 2829 691 2886 mundum.
706 2829 800 2901 ltaque
811 2829 926 2887 dieitur:
978 2832 1039 2901 iili,
1049 2847 1166 2905 quorum
1179 2837 1240 2887 erat
1252 2845 1323 2886 unus
1338 2828 1482 2900 cleopbas,
1500 2829 1618 2900 regressi
1633 2829 1661 2883 in
1681 2827 1780 2884 libru-

131 2922 206 2981 Sicut
215 2923 288 2977 misit
302 2939 344 2977 me
354 2918 448 2988 Pater,
462 2930 487 2977 et
499 2922 632 2994 eqomitto
644 2939 699 2988 uos,
711 2921 803 2989 idest,
819 2937 850 2978 ea
864 2923 929 2978 cba—
977 2925 1082 2994 salem,
1102 2926 1265 2982 invenerunt
1277 2929 1457 2996 eonqreqatos
1469 2920 1607 2986 undecim,
1629 2929 1719 2977 eteos
1730 2923 1778 2991 qui

130 2996 389 3087 rlmtevosdlliqe,
407 3030 469 3071 eum
487 3014 559 3071 inter
572 3013 699 3072 seandala
722 3022 927 3085 persecutorum
977 3031 1040 3075 cum
1062 3016 1129 3087 ipsis
1150 3022 1250 3082 erant,
1265 3012 1361 3085 procul
1390 3012 1472 3069 dubio
1503 3012 1708 3084 intelligendum
1736 3022 1779 3070 ast

129 3107 225 3172 nuto,¹
238 3116 295 3178 qua
310 3120 354 3163 me
368 3105 504 3163 charitate
515 3101 597 3162 Pater
609 3102 716 3178 diligit,
738 3106 930 3178 quemnemo
978 3105 1051 3177 quod
1063 3104 1126 3161 iudo
1149 3102 1408 3168 tuemssextemt,
1424 3102 1625 3172 antequumeis
1645 3101 1778 3159 Dominus

130 3198 165 3256 ud
175 3198 333 3256 tolerandas
344 3195 573 3269 pussioueslecit.
941 3167 964 3232 c
979 3199 1228 3271 ineloquentibus
1243 3203 1407 3269 appareret.-

165 3291 225 3348 troc
242 3307 303 3348 cum
316 3291 437 3356 dixisset,
452 3290 609 3362 insufflavit,
625 3299 649 3344 et
661 3289 725 3345 dicit
739 3291 778 3346 eis
791 3305 801 3345 .·
814 3290 929 3364 Accipite
1014 3291 1049 3348 Et
1059 3292 1183 3365 postdies
1196 3299 1265 3357 octo,
1285 3291 1473 3344 iterum-erunt·
1485 3286 1609 3360 discipuli
1623 3288 1777 3359 eiceretur,

131 3381 261 3455 δρίτίιιπι
282 3371 413 3437 muttum.
430 3376 611 3447 Quaerendum
625 3378 707 3435 nobis
730 3388 787 3447 est,
805 3381 931 3452 quidest
978 3394 1002 3441 et
1015 3383 1128 3439 l'bomns
1147 3400 1206 3438 cum
1224 3382 1356 3448 eie-eene
1370 3379 1449 3435 Iesus
1459 3379 1674 3450 januuctausis,
1688 3388 1778 3435 etate-

131 3471 350 3545 quodSpirittttu
374 3478 506 3528 sanctum·
523 3469 654 3525 bomirms
675 3478 778 3538 noster,
801 3478 830 3527 et
845 3471 929 3528 semel
977 3477 1049 3531 ticin
1070 3474 1156 3531 medio
1170 3490 1262 3530 eorum
1276 3482 1300 3528 et
1320 3473 1388 3529 dixit
1408 3472 1467 3527 eis:
1486 3468 1547 3525 Pus
1566 3470 1647 3525 rotis
1673 3470 1777 3528 Ddrda

130 3562 206 3621 tetis
217 3562 248 3618 iu
262 3570 336 3619 terra
352 3562 522 3628 consistens,
545 3569 572 3618 et
584 3561 668 3619 semel
684 3562 753 3619 coelo
769 3564 926 3634 presidens.
977 3566 1042 3622 dicit
1057 3563 1164 3620 Thomu
1178 3577 1194 3617 .·-
1214 3563 1290 3634 infer
1308 3562 1421 3634 diqitum
1437 3570 1511 3615 tuum
1524 3560 1593 3626 tue,
1609 3570 1636 3615 et
1647 3559 1705 3616 etue
1717 3578 1777 3616 mu·

133 3652 224 3728 lteqoe
235 3655 310 3712 enim
323 3654 377 3710 alio
388 3653 488 3709 inloeo
499 3651 702 3726 darusspiruue
714 3664 825 3711 sanctus
834 3663 929 3727 aperte
978 3673 1027 3712 rus
1044 3673 1138 3721 mens,
1154 3664 1208 3712 ete.
1232 3653 1289 3728 (ux.
1303 3652 1400 3726 Greq.)
1423 3651 1470 3708 Sic
1491 3651 1591 3724 quippe
1613 3651 1775 3723 discipulum

132 3754 316 3814 mutnus,
329 3745 383 3803 nisi
399 3752 482 3811 tune,
502 3759 565 3800 eum
579 3760 629 3816 per
643 3743 853 3802 insufflationem
864 3760 928 3818 per-
977 3757 1042 3822 post
1066 3748 1295 3805 resurrectionem
1318 3761 1397 3803 suam
1419 3745 1546 3802 dubitare
1565 3745 1699 3817 permisit,
1725 3761 1776 3802 neo

132 3841 241 3914 cipitur,
262 3847 293 3897 et
302 3839 474 3911 postmodum
492 3853 555 3894 eum
574 3840 608 3897 de
625 3837 696 3894 eoelo
711 3837 860 3894 venicusln
877 3838 929 3895 lin·
977 3849 1070 3899 mntem
1084 3841 1118 3897 in·
1129 3841 1300 3897 dubitatione
1318 3838 1451 3905 deseruit,
1474 3838 1545 3895 sieut
1562 3847 1626 3894 ante
1646 3838 1776 3894 nativita-

133 3932 190 4005 μ’(
210 3930 298 3987 variis
319 3924 534 3987 dernenstratur.
558 3929 613 3984 Cur
626 3942 692 4000 erqo
712 3929 789 4000 prius
803 3929 831 3985 in
855 3937 928 3986 terra
976 3941 1033 3991 tem
1047 3949 1125 3990 suam
1139 3933 1241 3989 babere
1263 3931 1376 3987 llariam
1392 3946 1523 4002 sponsum
1540 3931 1641 3995 uoluit,
1665 3931 1712 4001 qui
1733 3938 1775 3985 ta-

133 4022 380 4097 OEeipulisdatur,
393 4021 566 4094 postmodum
586 4019 621 4076 de
637 4021 707 4076 eoelo
729 4020 856 4087 mittitur,
875 4021 927 4079 nisi
977 4040 1041 4082 men
1060 4021 1169 4093 adeius
1185 4022 1295 4093 nuptias
1314 4037 1368 4077 non
1383 4021 1517 4092 peruenit.
1542 4019 1610 4077 llam
1625 4022 1664 4077 ita
1686 4020 1774 4076 iactus

133 4117 201 4189 qiud
217 4117 274 4173 duo
297 4120 361 4171 sunt
381 4119 518 4184 praecepta
540 4110 694 4176 eharitatis,
711 4109 819 4168 dilectio
833 4110 928 4169 ridell·
976 4122 1020 4172 est
1042 4112 1190 4184 discipulus
1212 4113 1340 4168 dubitans
1360 4120 1389 4167 et
1409 4111 1525 4182 palpans
1544 4111 1621 4168 testis
1641 4126 1713 4166 rere
1732 4126 1776 4166 re-

134 4208 174 4267 eu
185 4208 238 4265 bei
254 4212 285 4264 et
296 4205 414 4278 proximi
425 4204 437 4259 l
448 4203 478 4260 ln
493 4211 574 4259 terra'
589 4203 670 4259 datur
684 4201 808 4274 spiritus,
822 4209 853 4257 ut
865 4201 928 4257 dili-
976 4204 1165 4268 surrectionis,
1181 4203 1252 4258 sieut
1270 4216 1387 4273 sponsus
1399 4201 1495 4257 metris
1511 4199 1603 4256 luerat
1619 4209 1711 4257 eustos
1729 4200 1773 4257 in·

134 4298 209 4373 intur
220 4299 379 4372 pmsimus,
403 4295 474 4353 eoete
488 4295 580 4359 datur,
595 4302 628 4350 ut
640 4292 769 4366 diligatur
782 4294 863 4351 Deus.
884 4290 928 4350 Si·
977 4297 1130 4368 teqerrimee
1145 4294 1319 4366 uirginitatis.

134 4402 177 4450 tut
189 4396 257 4464 erpo
268 4405 324 4446 uua
336 4395 379 4446 est
392 4387 513 4444 ebaritas
536 4393 565 4441 et
578 4386 632 4441 duo
644 4392 790 4456 praecepta,
805 4385 843 4439 ita
856 4400 927 4441 unus
1013 4385 1068 4460 (Es
1082 4384 1177 4459 dedu.)
1198 4384 1257 4442 Non
1281 4385 1368 4442 solum
1392 4401 1489 4442 manus
1511 4393 1538 4441 et
1562 4385 1655 4456 pedes,
1675 4385 1775 4455 quibus

136 4483 243 4552 spiritus
260 4487 289 4535 ct
305 4479 359 4534 duo
381 4477 455 4533 data.
481 4473 561 4530 Prius
584 4489 600 4529 a
624 4473 791 4530 consistente
812 4473 926 4530 Domino
977 4479 1077 4537 indicia
1101 4478 1375 4536 clarorumelamere
1397 4478 1532 4552 vestigia,
1559 4480 1607 4536 sed
1628 4486 1775 4535 attestante

135 4570 254 4639 interra,
267 4568 440 4643 postmodum
452 4567 479 4623 in
491 4565 570 4631 coelo,
585 4566 650 4636 quia
663 4565 690 4620 iu
707 4565 823 4636 proximi
834 4581 926 4624 amore
977 4570 1099 4629 loanne:
1122 4572 1156 4627 Et
1176 4569 1319 4642 laniatus
1336 4572 1409 4642 quod
1425 4570 1519 4627 lancea
1541 4570 1660 4627 &utum
1684 4570 1774 4627 luerat

136 4664 255 4729 decitur,
272 4660 391 4732 qualiter
407 4655 545 4730 perueniri
559 4655 659 4712 debeat
677 4656 712 4711 ud
726 4669 847 4713 amorem
866 4654 925 4713 Doi-
978 4662 1104 4719 ostendit.
1122 4662 1158 4719 Ut
1173 4662 1310 4728 videlieet,
1327 4671 1437 4718 ostensa
1452 4661 1595 4718 mineram
1609 4676 1719 4717 suorum
1735 4662 1774 4718 ei·

136 4756 296 4816 hmidando
307 4748 610 4827 stpnidmnitspirirum
623 4758 759 4815 sanetum,
772 4763 826 4804 non
838 4734 929 4805 Patris
978 4751 1091 4816 catrice,
1108 4749 1255 4807 dubietatis
1273 4758 1355 4821 atque
1370 4749 1538 4806 iulidelitatie
1560 4765 1656 4805 eorum
1676 4750 1774 4806 uulnus

136 4848 214 4906 tulius
226 4843 434 4916 essespirimm,
448 4839 496 4895 sed
509 4846 537 4893 et
551 4852 641 4893 suum.
978 4850 1098 4899 sanaret.
1119 4839 1218 4896 Verum
1233 4841 1368 4910 quomodo
1387 4847 1449 4910 post
1471 4841 1697 4896 resurrectionem
1717 4840 1773 4896 ela-

165 4931 452 5008 Qennm'remtterr'tts
460 4938 579 5002 ueruto,
592 4928 760 4983 remittuntur
770 4928 818 4996 eis,
830 4938 855 4983 et
865 4945 928 5000 quo·
978 4949 1074 4989 uorum
1105 4932 1148 4988 vel
1172 4932 1274 4988 lancem
1302 4926 1360 4987 loea
1384 4932 1548 5002 pandendo,
1577 4931 1772 5002 discipulorum

135 5044 189 5086 rust
199 5024 373 5090 minuentis,
388 5029 442 5078 ete.
458 5019 512 5094 <Er
524 5017 620 5089 Beda.)
633 5017 705 5075 Ecce
722 5017 843 5075 ebaritas
865 5035 926 5089 quae
978 5023 1104 5094 diguatus
1122 5029 1164 5078 est
1184 5020 1265 5078 iidem
1278 5035 1408 5092 spemque
1422 5020 1562 5086 roborare,
1578 5021 1616 5076 ita
1629 5021 1657 5077 lu
1671 5022 1715 5078 dis
1727 5020 1773 5091 ju-

107 5118 110 5125 '
134 5117 315 5191 usnemun
326 5120 451 5170 annm
463 5108 623 5166 euenum
636 5107 664 5163 tn
676 5100 802 5165 cordibus
814 5109 925 5177 nostre,
977 5116 1257 5175 dissereremus
1270 5114 1405 5184 saetosus
1422 5114 1534 5182 inuicta,
1547 5123 1576 5170 e
1592 5114 1680 5186 ipsam
1695 5113 1772 5185 parr-

133 5208 294 5281 partieipum
306 5219 418 5262 suomm
431 5207 543 5274 peecata
561 5198 684 5279 dimittit.
707 5197 808 5255 berum
834 5207 925 5256 autem
977 5213 1021 5263 ter
1041 5220 1152 5262 erucem
1174 5204 1360 5270 monstrando,
1380 5212 1510 5262 uenturus
1529 5212 1587 5273 est,
1606 5205 1772 5274 impietatem

133 5299 177 5371 qui
191 5310 246 5355 nou
260 5284 326 5354 fiunt
337 5293 397 5364 eius
412 5291 568 5364 participes,
577 5285 661 5345 tenet.
671 5287 734 5369 1⁶⁶0
748 5297 925 5375 miletium
978 5299 1166 5370 superborum,
1180 5296 1422 5366 infidelitatemque
1432 5296 1607 5355 contundere.
1622 5294 1732 5351 Scilicet
1743 5299 1774 5346 ut

131 5390 217 5449 usit:
239 5382 498 5459 temptesptruum
521 5388 652 5446 tanetum,
674 5378 727 5434 1¹00
746 5379 874 5436 wilinuo
891 5380 925 5436 de
978 5387 1068 5460 ipsum
1081 5403 1111 5444 se
1122 5403 1201 5454 esse,
1217 5388 1263 5458 qui
1282 5389 1316 5444 ab
1338 5387 1429 5459 impiis
1443 5397 1471 5444 et
1484 5403 1534 5459 pro
1548 5385 1637 5456 impiis
1650 5388 1775 5439 mortuus

130 5492 306 5560 peecatorum
316 5474 687 5537 remissioueaedetentione
697 5473 820 5545 subiecit.
836 5475 928 5534 Selen-
979 5488 1033 5547 est,
1056 5479 1162 5535 eunctis
1177 5479 1267 5551 palam
1290 5478 1392 5551 angelis
1412 5488 1440 5535 et
1461 5477 1615 5535 bominibus
1636 5475 1773 5540 ostendat,

130 5579 196 5637 dam
219 5591 287 5634 rero
306 5580 364 5639 est,
387 5570 460 5644 quod
474 5568 502 5625 hi
522 5567 568 5638 qui
586 5566 705 5637 primum
719 5565 851 5638 Spiritum
866 5586 928 5627 ssu-
981 5571 1153 5642 videantque,
1168 5580 1199 5628 ut
1212 5572 1343 5644 scripturn
1351 5581 1411 5628 cst:
1427 5569 1462 5626 ln
1471 5585 1548 5642 quem
1555 5575 1774 5638 comparuerunt,

128 5678 208 5731 etun
229 5668 395 5731 babuerunt,
416 5669 447 5717 ut
470 5667 500 5715 et
513 5658 565 5730 ipsi
578 5657 738 5714 iunocenter
752 5659 885 5728 virerent,
902 5668 932 5719 et
984 5672 1009 5719 et
1025 5662 1193 5737 pionpantse
1207 5680 1287 5736 super
1306 5680 1365 5721 eum
1383 5677 1471 5718 omres
1483 5661 1566 5715 tritus
1578 5669 1656 5716 terre
1678 5656 1773 5731 (Zuei.

129 5764 161 5824 ln
171 5759 368 5838 medentibus
381 5751 545 5830 quibusdam
557 5746 728 5822 prodessent
742 5748 846 5809 ideireo
858 5752 933 5811 bune
986 5754 1047 5826 su).
1066 5753 1141 5812 Saue
1152 5754 1309 5823 notandum,
1327 5753 1398 5826 quod
1413 5750 1501 5808 solent
1519 5751 1548 5809 iu
1564 5751 1616 5809 boe
1635 5752 1694 5811 loeo
1707 5764 1772 5825 qens
