3810 6120
130 320 182 376 88¹]
643 319 819 379 connum.
840 320 877 377 ΙΝ
893 321 971 379 REG.
992 323 1021 379 S.
1042 322 1233 382 uehentum.
1704 325 1757 384 otto

130 436 191 499 sili,
203 443 228 488 et
240 432 371 488 seruitutis
384 449 491 502 paruum
506 449 558 487 nan
571 435 702 505 rugliqam
716 436 833 490 reddere.
847 435 916 490 ilinc
929 438 954 498 A
967 438 1048 492 etiam
1063 437 1145 507 aliqui
1159 445 1258 509 praeter
1271 437 1353 495 boras
1366 438 1529 494 constitutas
1546 479 1554 505 ‚
1568 439 1591 495 si
1602 439 1644 496 eis
1661 451 1751 507 vacat,

130 529 228 584 beatus
253 524 418 579 pachomius
438 525 495 578 ait:
509 525 544 579 Et
559 525 581 580 si
598 527 624 579 in
638 528 699 580 nati
720 527 831 592 luerint,
846 536 874 581 et
893 527 920 580 in
970 535 998 580 et
1009 542 1088 581 orare
1100 527 1244 593 solareriot,
1258 544 1311 583 non
1325 528 1365 583 eis
1379 528 1433 583 sint
1443 529 1645 598 impedimento,
1660 531 1705 600 qui
1718 531 1757 588 ilri

131 617 310 683 saronasterio,
325 625 353 672 et
374 618 401 672 in
415 632 491 688 agro,
503 627 531 673 ct
546 620 573 673 iu
597 620 704 684 itinere,
718 629 745 674 ct
760 621 786 674 in
801 620 922 689 quolibet
970 619 1069 688 aliquid
1094 620 1227 690 agendum
1250 631 1424 689 putauerunt.
1443 621 1509 675 ltem
1523 621 1585 676 alibi
1600 638 1607 674 ε
1624 623 1650 676 in
1665 629 1757 678 orato·

131 711 287 768 mirristerio
301 709 396 764 orandi
415 719 443 764 et
455 711 587 780 psallendi
604 721 725 779 tempora
740 727 793 765 non
807 721 920 781 prater·
970 707 1012 760 rio
1036 716 1134 776 prater
1155 709 1251 763 orandi
1268 718 1296 764 et
1312 709 1441 779 psallendi
1463 710 1509 764 lici
1530 710 1632 765 cultam
1649 711 1757 780 penitus

132 801 254 857 mittant.
283 797 353 853 Hinc
377 808 405 854 et
431 800 546 854 Basilius
566 800 658 854 dicit:
681 800 870 870 Unusquisque
892 801 921 855 in
970 798 1036 852 nibil
1046 808 1151 869 agatur,
1165 807 1195 854 ut
1206 802 1307 855 nomini
1319 803 1381 857 huic
1393 801 1625 874 etoperajugiter
1636 805 1756 876 impensa

132 906 214 960 apere
226 905 276 944 sua
294 890 441 944 obsecrare
459 890 538 944 debet
553 891 689 960 propriam
704 891 833 961 regulam,
850 891 921 946 sicut
970 888 1145 942 concordent.
1166 888 1202 944 Ut
1223 889 1246 943 si
1266 890 1363 959 aliquis
1382 899 1481 960 praeter
1497 892 1660 947 constitutas
1675 894 1757 950 horas

135 982 288 1038 membrum
302 981 328 1035 in
344 996 475 1051 corpore;
488 983 550 1051 qaia
566 983 692 1036 damnum
706 983 826 1047 habehit,
842 983 864 1037 si
877 995 922 1036 uc·
969 978 1084 1034 Domino
1106 980 1307 1050 supplicaturus
1329 982 1490 1052 ingreditur,
1507 991 1689 1054 uotum-suum
1707 999 1757 1041 oo·

134 1073 249 1144 glexerit
265 1072 380 1141 impiere
398 1072 469 1141 qaod
484 1073 508 1127 ei
530 1073 678 1141 injunctum
690 1082 743 1138 est,
762 1075 833 1129 etde
847 1088 922 1128 corn-
969 1069 1077 1138 cupario
1091 1069 1177 1124 aliena
1189 1086 1242 1125 non
1258 1072 1355 1126 tardet.

134 1163 212 1220 urani
233 1161 348 1217 fratrum
364 1162 479 1216 utilitate
499 1163 637 1232 negligens
652 1164 768 1233 amplius
782 1164 920 1232 periclita-
1259 1162 1372 1219 CAPUT
1398 1162 1462 1218 Llll.

133 1255 217 1310 bitur.
236 1253 270 1307 Et
283 1253 344 1306 idco
357 1261 446 1306 mente
459 1262 487 1306 et
498 1253 640 1307 deuotione
653 1254 788 1323 complere
803 1255 883 1308 dehet
893 1254 920 1308 id
1163 1253 1200 1308 De
1215 1255 1360 1324 trospitilus
1381 1255 1553 1324 srrsmpiendis

124 1342 206 1412 <quod
217 1341 421 1410 scriptumest:
435 1339 577 1395 Cantantes
596 1352 621 1394 et
639 1341 776 1413 psallentes
795 1343 822 1396 in
836 1342 920 1396 cardi·
1005 1343 1102 1398 Omma
1108 1343 1313 1413 supemrnientcs
1324 1345 1436 1414 hospites
1445 1354 1570 1416 tanquam
1576 1345 1695 1400 Curinus
1701 1363 1758 1402 sus-

134 1435 183 1488 bus
197 1433 288 1488 restris
304 1431 415 1486 Domina
436 1431 516 1502 (Epir.
533 1432 571 1504 v).
598 1431 627 1487 st
647 1433 718 1487 enirn
743 1434 920 1502 corporaliter
968 1436 1116 1504 cipiantur:
1126 1435 1188 1504 qaia
1201 1436 1256 1504 ipre
1267 1434 1386 1487 dicturas
1399 1444 1447 1498 esc,
1460 1433 1560 1504 Hospes
1571 1436 1620 1504 fui,
1632 1446 1658 1489 et
1670 1452 1757 1492 susce-

133 1539 189 1578 uoa
203 1522 324 1579 occurrit
334 1522 428 1577 adesse
439 1537 500 1577 cunt
511 1523 618 1578 caeteris
629 1523 663 1577 ad
673 1523 805 1578 orationis
819 1522 917 1587 locnrn,
967 1525 1043 1594 pistis
1057 1541 1097 1577 me
1112 1524 1220 1595 (Martia.
1235 1522 1311 1594 ssu).
1323 1524 1392 1578 ilinc
1405 1531 1433 1578 et
1447 1523 1591 1593 Apostolus
1613 1540 1664 1581 nos
1687 1527 1758 1582 inter

135 1616 162 1669 in
175 1627 335 1684 quocunque
358 1613 417 1668 loco
440 1613 565 1667 iuventus
579 1611 669 1675 suerit.
685 1613 919 1682 quoddetotionis
968 1632 1066 1672 cetera
1098 1617 1223 1671 hortatur
1245 1617 1366 1671 dicens:
1389 1615 1603 1686 Hospitalitatem
1628 1627 1757 1673 sectantes

133 1715 176 1762 est
188 1705 304 1775 expleat.
319 1704 431 1774 Oportet
445 1713 536 1759 tamen
549 1704 706 1769 obsecrare,
727 1718 761 1760 ne
775 1703 845 1765 torte
858 1705 919 1773 quis
970 1688 1132 1781 (hominu.
1148 1708 1246 1764 Dicens
1260 1709 1331 1764 enim
1346 1708 1501 1763 sectandam
1515 1724 1576 1764 esse
1586 1710 1758 1779 hospitalita-

133 1796 221 1865 possit
236 1795 372 1864 complere
387 1794 415 1848 in
432 1802 551 1863 ternpore
566 1808 624 1858 suo,
646 1793 717 1862 quod
730 1793 917 1862 complendum
932 1769 955 1828 Β
970 1807 1035 1863 tom,
1061 1813 1115 1852 non
1137 1797 1202 1851 illud
1228 1796 1317 1852 solum
1340 1797 1472 1862 ostendit,
1494 1805 1525 1851 at
1542 1798 1695 1853 venientem
1721 1800 1757 1854 ad

132 1895 188 1953 est,
208 1893 237 1942 et
256 1901 410 1950 occurrere,
433 1885 480 1939 scal
503 1885 566 1939 dura
591 1883 662 1952 loqui
688 1883 745 1940 uult
763 1883 919 1939 occasiones
970 1903 1019 1942 uns
1041 1888 1174 1958 hospitem
1198 1887 1387 1956 suscipiamus,
1412 1888 1509 1942 sedet
1536 1890 1708 1958 requiramus
1729 1898 1758 1944 et

134 1978 229 2042 nectit,
246 1985 372 2046 tanquam
398 1975 540 2030 ministerii
565 1988 647 2044 opere
670 1982 826 2045 occupatas.
840 1973 918 2039 Quod
969 1977 1080 2033 solliciti
1096 1978 1190 2043 simus,
1206 1986 1233 2032 et
1245 1986 1391 2044 sectemur,
1410 1993 1443 2033 ac
1454 1978 1643 2048 perquiramus
1657 1979 1757 2049 ubique

132 2069 181 2138 qui
200 2066 276 2132 lacit,
289 2074 316 2122 ct
332 2065 522 2121 offendiculum
544 2064 649 2119 ceteris
671 2071 797 2133 praestat,
817 2072 845 2118 ct
861 2064 919 2132 ipse
970 2068 1100 2139 hospites,
1113 2068 1281 2123 nenbilortc
1295 2070 1322 2123 in
1332 2067 1429 2137 plateis
1443 2070 1565 2131 sedeant,
1578 2083 1612 2124 ne
1625 2076 1702 2123 extra
1717 2078 1754 2123 te

132 2158 295 2229 negligentis
318 2157 422 2212 crimen
447 2156 571 2209 incurrit.
596 2154 664 2210 llinc
684 2154 753 2209 alius
771 2155 918 2208 nrouacho·
969 2167 1041 2214 ctum
1061 2159 1181 2229 jaceant.
1208 2159 1361 2215 Recordare
1392 2161 1472 2227 Loth,
1493 2170 1521 2215 ct
1543 2162 1665 2217 invenies
1685 2162 1757 2230 qnod

132 2266 194 2306 rum
207 2251 336 2320 magister
353 2248 411 2302 ait:
426 2246 493 2303 Ciam
510 2246 608 2301 iratres
623 2245 759 2316 spiritales
774 2245 832 2299 sine
849 2243 918 2298 laico
968 2267 1022 2307 pon
1050 2251 1125 2306 illum
1156 2252 1293 2321 hospites,
1315 2252 1362 2306 sed
1383 2253 1441 2322 ipse
1461 2253 1597 2323 quaesierit
1616 2253 1753 2324 hospites,

133 2338 379 2408 etttbttlauhluncli
397 2339 430 2394 ad
447 2353 484 2403 St,
501 2346 692 2401 elelssltlnies.
706 2337 812 2392 modice
826 2336 859 2390 de
873 2335 925 2389 lia·
969 2349 997 2396 et
1013 2341 1065 2396 boc
1086 2350 1145 2396 erat
1166 2340 1377 2410 hospitalitatem
1400 2342 1509 2396 sectari.
1533 2341 1602 2397 ilinc
1620 2350 1648 2397 et
1661 2343 1758 2398 beatus

134 2430 243 2487 flectam
266 2447 364 2504 genua,
385 2438 412 2486 et
433 2437 495 2501 post
515 2431 666 2484 orationem
688 2429 801 2484 redeant
820 2426 847 2481 in
862 2426 916 2490 uia,
969 2430 1122 2485 blacharius
1135 2430 1193 2485 ait:
1209 2428 1424 2499 Hospitalitatem
1436 2437 1571 2485 sectantes
1591 2444 1641 2499 per
1653 2430 1756 2495 omnia,

132 2536 197 2578 Μ
219 2522 254 2577 all
275 2521 349 2576 limiti
374 2521 457 2575 terb0
483 2518 570 2573 ³¹50ss⁰
588 2518 655 2573 ³⁶⁰⁰
673 2523 794 2572 licentes
808 2523 919 2587 lll⁰l³¹er
968 2531 996 2578 et
1009 2537 1043 2577 ne
1061 2530 1169 2578 avertas
1182 2521 1303 2586 oculum,
1327 2531 1375 2576 aut
1397 2522 1506 2576 inanem
1520 2522 1641 2577 dimittas
1653 2536 1754 2592 paupe·

133 2610 311 2667 reverentiam
337 2609 427 2680 operis
449 2608 509 2674 bei,
533 2616 561 2663 et
585 2608 625 2663 sic
649 2605 812 2661 ambulando
833 2604 916 2675 petila
967 2627 1034 2677 pem,
1057 2626 1092 2666 ue
1116 2610 1186 2667 forte
1210 2611 1339 2666 Dominus
1352 2611 1379 2666 in
1394 2612 1500 2681 hospite
1521 2619 1568 2665 aut
1587 2611 1752 2682 impaupere

132 2701 319 2763 limodictione
333 2701 487 2771 impositum
505 2705 683 2770 prommpant
696 2697 840 2767 psalmom·
968 2704 1002 2758 ad
1014 2711 1040 2759 tc
1052 2703 1152 2769 ueniat,
1167 2711 1195 2758 et
1206 2703 1297 2757 uideat
1312 2710 1338 2758 te
1357 2703 1537 2765 haesitantem,
1554 2710 1585 2758 et
1599 2711 1755 2758 contemne

436 2831 550 2888 CAPUT
568 2831 610 2886 U·
969 2797 1023 2863 ris;
1045 2797 1092 2852 sed
1111 2797 1237 2852 omnihus
1256 2796 1371 2851 hilarem
1391 2803 1418 2850 tc
1438 2796 1561 2860 ostende,
1589 2804 1616 2850 et
1638 2793 1756 2850 fideliter

227 2925 265 2980 De
278 2925 404 2997 [mn-g„
420 2925 465 2996 qm·
477 2939 530 2978 m„
543 2922 617 2994 pm,
627 2921 837 2994 profimmh
967 2901 1029 2988 age.
1043 2886 1254 2989 Advenientibus
1264 2901 1330 2958 ergo
1342 2885 1499 2988 hospitibus
1508 2886 1607 2988 alacris
1620 2887 1757 2988 susceptio

967 2976 1118 3032 adhibenda
1131 2984 1183 3042 est,
1197 2985 1315 3031 screrrtes
1328 2976 1363 3031 ob
1374 2976 1426 3031 hoc
1438 2991 1613 3031 novassrmam
1625 2990 1755 3044 consequi

171 3037 279 3094 Fratres
289 3038 334 3110 qui
344 3053 391 3110 pra
401 3037 490 3109 queris
502 3051 623 3107 responso
633 3033 844 3107 proficiscuntur,
853 3041 877 3087 et
886 3048 917 3086 ea

133 3133 291 3202 diriperent
307 3129 398 3184 reuerti
407 3127 446 3182 ad
467 3127 666 3192 monasterium,
690 3140 743 3179 nou
756 3122 953 3195 presumente

125 3221 200 3293 ⁸soris
212 3219 380 3282 manducare,
394 3218 496 3272 etiamsi
506 3235 523 3272 a
534 3216 624 3288 quouis
638 3223 770 3286 rogentur,
787 3213 839 3267 nisi
850 3213 918 3282 [orte

133 3314 172 3368 eis
185 3311 217 3366 ab
230 3310 322 3365 abbate
331 3325 379 3364 sua
394 3308 573 3380 precipiatur.
586 3304 662 3372 Quod
674 3304 696 3359 si
710 3303 788 3358 aliter
797 3302 915 3372 serenat,

134 3401 401 3458 excommunicentur.
427 3397 496 3453 Hinc
520 3395 623 3466 antiqui
651 3394 747 3449 Patres
771 3392 915 3446 dixerunt:

134 3490 220 3547 Nemo
233 3500 321 3545 tamen
335 3497 413 3544 extra
437 3486 630 3544 monasterium
653 3483 799 3538 manducet
814 3488 861 3535 ant
874 3478 916 3533 hi-

134 3580 192 3637 bat
216 3579 273 3637 linc
288 3580 360 3635 enim
374 3576 473 3648 regulae
486 3591 538 3631 non
555 3575 651 3645 recipit
663 3571 814 3641 disciplina,
830 3576 861 3624 ut
875 3567 918 3623 vel

134 3683 215 3741 poma
229 3668 295 3722 uilia
311 3667 496 3730 desumautur,
510 3678 608 3733 aquam
620 3663 705 3733 ipsam
717 3668 779 3716 ante
793 3659 918 3715 relectio-

134 3771 197 3813 nem
212 3755 360 3827 legitimam
374 3754 467 3810 hibere
481 3768 534 3807 uon
547 3756 720 3823 praesumant.
736 3747 765 3803 st
781 3748 842 3817 quis
852 3761 919 3801 vero

134 3855 213 3903 extra
224 3844 418 3901 conscientiam
430 3842 535 3899 abbatis
545 3841 588 3898 rel
597 3839 734 3911 praepositi
745 3838 919 3909 qualemcun-

135 3951 191 4008 que
212 3933 301 3991 locum
319 3948 453 4006 egressus,
468 3931 536 4004 gulae
554 3931 597 3986 rel
615 3928 739 3985 ebrietati
755 3943 785 3984 se
799 3927 919 3982 sociare·

134 4027 188 4091 rit,
198 4032 247 4080 ant
256 4025 280 4078 si
293 4023 320 4079 ia
337 4023 460 4093 proximo
473 4021 660 4085 transmissus,
681 4034 731 4090 pro
748 4019 790 4073 sui
809 4017 920 4073 levitate

135 4115 179 4170 rel
191 4114 259 4188 galae
272 4130 324 4170 non
337 4115 429 4170 statim
441 4114 565 4183 expedita
577 4112 738 4168 necessitate
749 4111 783 4167 ad
795 4110 919 4166 cellulam

136 4205 258 4271 redierit,
272 4211 319 4259 aut
333 4219 394 4259 cum
415 4203 443 4258 io
467 4202 493 4258 id
512 4201 618 4257 lacinus
632 4200 714 4256 laerh
731 4199 867 4265 (letemus,
889 4207 920 4255 ut

134 4310 254 4352 canones
272 4295 380 4360 docem,
400 4302 447 4349 aut
459 4293 571 4364 triginta
588 4293 683 4348 diebus
699 4307 715 4347 a
729 4291 921 4347 commuuione

134 4393 288 4458 separetur,
301 4393 348 4440 aut
360 4385 444 4455 virgis
458 4384 536 4439 caesis
548 4384 717 4440 emendetur.

435 4514 548 4572 CAPUT
567 4513 621 4570 Lll.

349 4607 388 4663 De
407 4609 522 4662 oratorio
545 4608 706 4661 neartasterii.

967 3065 1183 3130 retributionem,
1206 3065 1314 3134 quando
1335 3064 1483 3135 injudicio
1503 3064 1547 3119 bis
1566 3064 1612 3133 qui
1625 3079 1640 3118 a
1652 3064 1756 3118 dextris

967 3165 1048 3212 erunt
1060 3157 1182 3212 dicturus
1200 3163 1243 3210 cst
1255 3155 1385 3210 Dominus
1398 3172 1404 3208 :
1418 3153 1520 3225 llaspes
1530 3154 1570 3224 sui
1581 3164 1606 3208 et
1616 3154 1755 3225 collepistis

966 3262 1007 3300 ute
1017 3257 1027 3299 .·
1038 3247 1101 3316 quia
1115 3245 1184 3317 quad
1200 3244 1247 3298 uni
1261 3261 1293 3299 eu
1305 3242 1423 3298 unnimis
1434 3245 1499 3298 meis
1514 3243 1621 3313 decimis,
1636 3244 1700 3297 milri
1717 3243 1732 3313 d
1742 3273 1756 3285 ·

968 3338 1040 3391 cistis
1054 3336 1161 3408 (llattlr.
1174 3335 1248 3407 aar).

1002 3425 1037 3479 Et
1048 3424 1166 3479 amnibus
1181 3440 1312 3495 congruus
1328 3420 1412 3478 honor
1429 3424 1591 3478 exhibeatur.
1612 3423 1758 3495 congruus

966 3516 1067 3571 elicitur
1081 3513 1256 3579 conueniens,
1285 3522 1452 3584 competens,
1473 3512 1517 3568 rel
1529 3511 1687 3580 condignus,
1708 3514 1757 3584 qui

967 3603 1007 3670 tlt,
1030 3603 1138 3673 quando
1151 3603 1297 3672 unicuique
1308 3603 1380 3673 quod
1393 3603 1542 3672 expediret
1556 3603 1692 3672 quomodo
1704 3618 1758 3658 es-

966 3695 1041 3764 pedit
1053 3694 1227 3763 impenditur.
1243 3693 1310 3748 Nam
1327 3694 1450 3763 quamuis
1464 3709 1517 3749 ana
1533 3694 1652 3750 charitas
1662 3707 1758 3750 omues

967 3785 1147 3856 amplectatur
1162 3784 1287 3852 interius,
1305 3786 1386 3841 aliter
1404 3786 1578 3856 pauperibus,
1599 3785 1679 3840 aliter
1689 3800 1758 3840 uero

967 3875 1089 3931 exterius
1122 3875 1248 3946 congruit
1272 3875 1429 3929 ministrare
1461 3875 1626 3943 patentihus.
1660 3872 1757 3942 Neque

968 3969 1039 4023 enirn
1052 3967 1164 4037 equalis
1176 3968 1302 4023 omnibus
1315 3965 1490 4037 praeparanda
1505 3974 1547 4020 est
1560 3965 1654 4030 sessio,
1667 3979 1757 4033 herlae

968 4056 1080 4127 equalis
1097 4057 1224 4113 omnibus
1236 4056 1358 4112 ciborum
1370 4057 1496 4112 conuenit
1514 4055 1687 4125 preparatio,
1707 4054 1757 4110 ssd

969 4147 1115 4218 unicuique
1139 4160 1250 4203 neccsse
1273 4155 1315 4202 est
1337 4163 1399 4203 cum
1424 4147 1565 4203 charitatis
1593 4147 1760 4203 discretione

969 4239 1104 4310 congruus
1128 4238 1213 4305 locus,
1238 4253 1374 4310 congruus
1395 4239 1483 4305 cibus,
1507 4253 1642 4310 congruus
1657 4238 1758 4304 lectus,

969 4344 1105 4401 congrum
1118 4329 1245 4385 carnibus
1264 4330 1426 4386 exhiheatur
1439 4337 1467 4386 et
1483 4331 1580 4396 honor,
1592 4338 1622 4385 ut
1636 4343 1760 4401 congruo

933 4433 988 4519 1'a
1001 4419 1079 4475 nabis
1093 4419 1195 4488 recepti
1208 4420 1267 4474 sine
1281 4419 1431 4476 murmurio
1443 4418 1477 4473 ad
1493 4419 1602 4490 propria
1616 4426 1760 4474 revertan-

973 4519 1018 4564 tur
1029 4510 1108 4566 amici

1008 4599 1125 4655 floriare
1145 4601 1293 4655 domesticis
1309 4600 1371 4671 fidei
1386 4609 1409 4655 et
1422 4600 1574 4671 peregrinis.
1587 4597 1759 4654 lloruestietts
1823 4594 1828 4602 '
1859 4619 1860 4623 ¹

172 4694 324 4751 Oratocium
338 4697 385 4752 hoc
399 4699 443 4761 sit,
456 4698 525 4768 quod
539 4698 653 4763 elicitum
668 4715 714 4753 nec
725 4698 761 4752 ili
774 4698 920 4770 quidquam
973 4694 1073 4749 (licitur
1085 4693 1189 4748 amicus
1204 4693 1355 4757 familiaris,
1375 4693 1417 4746 ucl
1432 4691 1546 4756 sorlalis;
1566 4705 1634 4760 quos
1652 4689 1758 4746 dnobtts

135 4785 211 4840 aliud
221 4797 337 4857 paratur,
359 4797 405 4840 aut
423 4787 559 4841 condatur.
584 4786 696 4858 Expleta
710 4805 786 4859 opere
801 4789 849 4844 Dei
861 4803 919 4844 om·
973 4785 1059 4840 modis
1079 4783 1229 4854 intelligere
1250 4783 1390 4848 debemus,
1413 4783 1470 4837 siue
1483 4793 1577 4836 omnes
1594 4779 1759 4849 maenalitm

133 4891 182 4931 stes
192 4892 309 4930 eamcam
320 4876 423 4932 silentia
437 4889 539 4943 cacam,
551 4888 575 4932 et
587 4889 682 4948 apatur
695 4883 837 4935 reuerentia
852 4881 918 4948 Dea,
972 4872 1141 4929 Christianos
1155 4888 1236 4928 lissam
1249 4873 1389 4927 hobitum
1411 4871 1501 4934 fldem,
1524 4884 1606 4924 unum
1626 4869 1760 4924 hibeni&

134 4974 165 5019 art
187 4965 270 5035 {rates
283 4969 328 5038 psi
346 4968 414 5038 {arte
430 4969 480 5021 sibi
500 4967 667 5038 peculiariter
687 4968 739 5023 uult
760 4986 846 5036 arare,
868 4988 920 5025 nan
970 4963 1120 5033 baptisma;
1138 4965 1195 5019 sire
1209 4962 1363 5032 specialiter
1374 4963 1532 5025 monachos,
1547 4960 1593 5029 qui
1606 4959 1758 5015 nobiscum

134 5057 295 5127 impediatur
308 5057 415 5113 alterium
434 5060 607 5130 improbitate.
627 5060 680 5116 Sed
694 5063 717 5115 si
729 5060 921 5116 alternultribi
971 5059 1028 5114 lieo
1047 5058 1210 5128 peculiarem
1232 5055 1280 5110 bet
1303 5055 1417 5122 cultum,
1441 5064 1470 5110 et
1482 5055 1619 5126 religionis
1630 5029 1775 5109 exbibeut⁸

135 5147 204 5218 {orte
215 5151 339 5204 secretius
353 5167 438 5213 orare,
453 5151 604 5221 simpliciter
615 5152 702 5218 intret,
713 5161 738 5207 et
751 5163 816 5218 aret,
831 5170 883 5208 nan
892 5154 920 5208 in
972 5147 1142 5202 larnulatum.
1161 5144 1324 5213 Peregrinus
1336 5144 1436 5199 dieitur
1447 5144 1474 5199 in
1488 5145 1575 5216 longae
1584 5145 1682 5215 patriae
1692 5156 1758 5212 agro

135 5238 253 5293 clamata
271 5256 342 5304 noce,
359 5239 447 5294 sedin
466 5238 589 5309 lacrymis
610 5248 635 5295 et
653 5241 795 5296 intentione
821 5243 918 5297 cordis.
972 5239 1086 5308 positus.

133 5325 208 5396 Erga
222 5326 433 5398 quisimiteapus
447 5344 497 5381 non
510 5328 573 5396 facit
584 5344 635 5382 non
646 5329 811 5399 permittatur
821 5329 920 5400 eapleta
1009 5327 1043 5382 dr
1053 5344 1114 5398 ergo
1137 5329 1271 5383 nuntiatus
1294 5327 1374 5397 suerit
1393 5329 1496 5400 ltaspes,
1521 5336 1674 5382 occurratur
1697 5323 1723 5376 ei
1737 5337 1756 5376 a

133 5431 213 5484 opere
231 5416 279 5471 Dei
298 5419 424 5471 remorari
436 5419 463 5471 in
478 5419 603 5480 oratoria,
624 5420 692 5472 sicut
707 5419 803 5473 dictum
822 5430 871 5484 est,
889 5437 920 5476 ne
972 5417 1058 5498 priore
1068 5416 1108 5471 uel
1121 5433 1137 5471 a
1150 5416 1277 5486 fratribus
1287 5434 1347 5472 cum
1358 5419 1429 5472 omni
1439 5419 1519 5488 officio
1529 5413 1673 5468 charitatis.
1685 5409 1755 5476 Quia

134 5503 205 5554 atim
221 5505 432 5572 impedimentum
452 5504 577 5575 patiatur.
599 5503 665 5558 ilinc
684 5505 778 5560 beatus
791 5505 919 5575 hngusti-
973 5506 1045 5560 enim
1067 5503 1127 5559 dua
1149 5505 1183 5560 ad
1206 5507 1399 5562 monasterium
1413 5518 1534 5574 persone
1546 5499 1632 5555 solent
1644 5500 1754 5566 uenire,

135 5609 187 5647 nats
202 5595 258 5648 ait:
273 5595 301 5648 ln
317 5596 436 5651 oratorio
448 5611 526 5649 tremo
539 5595 639 5665 aliquid
656 5604 729 5665 agat,
744 5597 795 5651 nisi
808 5597 841 5652 ad
855 5595 920 5666 quiri
974 5596 1040 5650 duas
1051 5603 1079 5649 ct
1091 5594 1145 5650 illis
1156 5591 1351 5651 nitionabiliter
1360 5594 1436 5662 jubet
1447 5601 1599 5645 occurrere.
1612 5586 1755 5646 Prioribus

136 5683 309 5750 dictumest,
329 5674 399 5739 raude
421 5695 448 5740 et
471 5699 567 5741 ttamen
589 5685 701 5757 acecpit.
727 5684 780 5740 hut
802 5685 825 5741 si
850 5683 920 5744 torte
972 5687 1044 5743 enim
1062 5701 1171 5744 trcccsse
1186 5696 1228 5744 ost
1242 5692 1368 5744 occurrat
1381 5683 1465 5753 prior,
1482 5680 1611 5736 iratribus
1624 5687 1751 5736 occurrat
1842 5749 1850 5763 ·
