3810 6120
62 359 65 364 .
131 318 182 373 τι
572 330 575 335 ·
777 308 1116 376 SMARAGblnBBATlS

1703 314 1758 370 760

43 475 51 484 .
129 437 251 504 linquere
273 433 382 486 nudum.
408 428 455 483 Sie
474 429 545 482 enim
560 404 690 482 debemus
705 427 765 482 aliis
779 426 913 490 misereri,
930 427 1087 490 Adeamus.
1119 427 1253 483 Mortuum
1268 428 1340 482 euim
1350 427 1449 483 dieitur
1462 436 1614 498 peecatum,
1628 435 1658 483 ut
1670 429 1759 487 tueor

130 537 159 580 ut
171 542 222 580 uon
240 524 430 578 obliviscamur
445 519 541 574 nostri.
573 518 618 573 Sie
636 519 708 573 euim
723 534 773 573 nos
784 519 817 573 de
835 533 916 588 opere

130 613 323 672 misericordiae
345 627 434 666 serruo
448 611 554 664 divinus
574 610 701 664 admonet
716 610 828 664 diceus:
856 608 915 674 vill,

129 709 259 763 miserere
272 706 368 758 animae
382 711 434 757 tum
448 703 555 772 placens
576 701 640 756 Deo.
663 701 733 771 Ergo
746 701 772 754 iu
787 708 917 769 quantum

129 799 249 853 valemus
261 799 440 851 misereamur
450 794 520 859 aliis,
529 804 556 848 et
568 795 674 849 solliciti
690 809 740 848 nos
751 809 858 863 semper
868 791 918 846 rni-

129 904 269 944 sereamur
279 886 530 955 nobismetipsis,ut
544 900 593 954 pro
608 883 669 938 aliis
681 883 833 938 mercedem
840 889 918 936 aeter*

130 994 203 1041 nam,
231 988 259 1032 et
272 993 320 1046 pro
339 985 431 1029 nostra
445 976 566 1030 custodia
585 975 696 1045 premia
719 989 918 1044 consequamur

970 517 1022 585 Qui
1031 518 1160 572 locuturo
1173 527 1287 584 nrortuo,
1300 519 1428 571 etiterum
1440 519 1675 588 tnuqitmortuum,
1690 519 1761 575 uilrii

967 611 1069 682 prolicit
1093 611 1149 680 ejrrs
1173 609 1269 664 locutio
1289 609 1373 680 (Ecel.
1389 610 1494 679 xrxrv),
1509 609 1535 663 id
1549 618 1601 673 est,
1615 611 1662 679 qui
1702 626 1759 678 proe-

968 703 1078 757 mteudo
1090 702 1215 773 lacrymis
1227 702 1300 756 lavat
1314 708 1466 770 peceatum,
1482 708 1509 755 et
1525 702 1621 774 iterum
1634 701 1760 757 commit-

970 796 1001 851 tit
1015 803 1166 866 peecatum,
1178 794 1245 848 nihil
1259 794 1284 848 ei
1300 792 1466 864 poeuiteutiae
1480 792 1598 863 gemitus
1619 791 1661 846 vel
1673 792 1761 863 laery-

969 901 1074 941 marum
1089 885 1158 940 lusio
1177 894 1289 956 generat
1299 882 1414 938 fruetus.
1434 882 1530 937 Anima
1544 884 1616 938 eninr
1633 899 1693 953 quae
1701 899 1762 954 pec·

969 976 1083 1041 caverit,
1102 976 1158 1044 ipsa
1185 975 1324 1029 morietur.
1364 972 1431 1026 Nam
1452 982 1479 1028 et
1492 972 1536 1027 illa
1552 973 1651 1043 puella,
1678 989 1762 1043 quam

94 1088 95 1091 ¹
129 1077 269 1138 perpetua.
970 1064 1112 1122 suscitavit
1126 1063 1255 1120 Dominus
1267 1063 1293 1116 in
1305 1063 1393 1125 domo,
1415 1072 1555 1131 peccatum
1569 1062 1707 1133 signifieat
1719 1062 1761 1116 la-

166 1158 208 1211 te.
226 1158 365 1226 infirmum
377 1159 481 1211 uisitare
496 1157 603 1228 (llottlr.
618 1156 693 1226 xxv).
710 1157 827 1210 llisitare
839 1155 920 1210 debe·
970 1165 1030 1211 teus
1049 1156 1076 1210 iu
1090 1155 1195 1219 auimo;
1220 1161 1248 1208 et
1261 1153 1287 1206 iu
1301 1152 1347 1206 illo
1370 1167 1451 1221 quem
1467 1151 1538 1207 lotas
1549 1161 1657 1222 portam
1669 1153 1764 1208 Domi-

128 1252 328 1314 musiullrmos,
344 1251 406 1320 quia
422 1251 448 1304 in
458 1251 524 1319 ipsis
538 1250 681 1304 Dominum
694 1249 845 1303 visitamus.
860 1249 920 1318 lpse
970 1259 1022 1298 uus
1047 1242 1186 1298 substituit
1208 1240 1288 1296 unico
1301 1243 1396 1296 matris
1410 1241 1479 1307 tilio,
1507 1249 1649 1311 peccatum
1661 1243 1761 1298 animae

129 1339 202 1391 euim
231 1339 301 1392 inter
315 1348 412 1393 eaetera
427 1339 503 1394 uobis
520 1340 642 1394 dicturus
664 1347 706 1392 est
727 1338 920 1392 misericordiae
967 1334 1175 1404 jamegressum
1190 1331 1262 1385 loras
1274 1332 1301 1384 iu
1314 1331 1461 1401 publicum.
1477 1332 1511 1385 Et
1530 1332 1661 1405 Lazarus,
1678 1347 1761 1402 quem

129 1441 227 1497 opera:
253 1427 379 1497 lufirmari
399 1429 449 1497 fui,
470 1439 494 1482 et
521 1431 646 1483 visitastis
661 1446 711 1482 me.
737 1429 922 1485 llisitemuset
971 1425 1041 1482 idem
1057 1423 1188 1478 Dominus
1210 1421 1351 1476 suscitavit
1376 1421 1583 1491 quatriduanum
1599 1420 1764 1492 (locum),

129 1533 210 1570 eausa
234 1517 449 1584 compunctionis
464 1516 596 1580 infirmos,
618 1525 647 1570 ut
670 1533 731 1572 eum
744 1517 838 1582 Paulo,
855 1517 920 1583 Qoie
968 1513 1024 1584 jam
1038 1513 1114 1566 multi
1135 1511 1263 1580 temporis
1276 1518 1416 1581 peecatum
1438 1510 1607 1565 demonstrat
1633 1512 1763 1566 commis-

129 1605 291 1672 infirmatur,
313 1615 338 1658 et
357 1622 402 1676 eqo
416 1621 467 1658 nou
481 1605 622 1674 infirmor?
634 1603 738 1677 (lidos.
755 1623 783 1659 rr
796 1606 817 1678 ),
831 1607 921 1661 dicere
972 1620 1041 1659 suut.
1080 1604 1117 1657 De
1141 1603 1184 1656 his
1199 1618 1263 1672 erqo
1277 1589 1398 1655 omnium
1422 1600 1566 1671 generibus
1591 1609 1763 1655 mortuorum

129 1698 274 1767 possimus.
300 1697 448 1751 visitemus
461 1705 488 1751 et
503 1712 584 1752 causa
599 1698 806 1764 vicissitudinis,
821 1698 847 1754 id
866 1706 919 1764 est,
973 1712 1037 1751 usus
1054 1694 1199 1763 sepeliendi
1212 1693 1357 1748 ‹lebetesse
1371 1691 1492 1746 omnium
1507 1690 1766 1753 bominum,etma·

129 1796 161 1840 ut
173 1802 235 1841 curu
260 1786 392 1842 luerimus
415 1789 525 1851 infirmi,
539 1791 701 1845 visitemura
721 1793 803 1845 sanis.
821 1792 920 1847 Visite·
935 1774 959 1848 Β
974 1786 1046 1841 xime
1062 1772 1266 1839 mittsscbol'um·
1290 1781 1328 1837 De
1347 1783 1399 1836 1¹⁰⁰
1418 1782 1490 1836 enim
1505 1778 1651 1850 &deflendi
1664 1794 1765 1851 lienem

130 1873 191 1934 mus
208 1890 235 1934 et
251 1882 337 1951 gratia
354 1881 588 1951 dilectionis,quia
601 1881 804 1953 scriptumest:
821 1883 882 1937 Noa
895 1893 920 1938 te

128 1971 213 2040 pipeut
240 1971 483 2039 visitoreirqirmos,
507 1989 539 2025 ea
566 1973 627 2041 ipsis
647 1974 758 2027 enimin
784 1973 920 2030 dilectione

129 2058 276 2125 firurubrrr's
291 2058 451 2130 (decliva).
472 2059 526 2115 Sed
540 2061 619 2116 etllle
633 2061 754 2117 irvtivmos
768 2062 858 2117 visitat
872 2065 918 2133 qui

130 2149 272 2202 monacbis
282 2149 316 2203 de
334 2163 382 2202 sua
397 2151 548 2204 substantia
564 2150 748 2222 eleemosynas
772 2153 917 2207 ministrat.

130 2237 168 2291 lle
185 2239 324 2293 monacbis
336 2240 407 2293 euim
429 2241 635 2312 scriptumest:
656 2239 787 2295 Formiae
808 2242 919 2312 popalus

129 2325 260 2394 infirmus,
276 2328 321 2397 qai
331 2338 407 2397 perot
420 2330 446 2383 in
460 2347 541 2384 merse
560 2331 645 2384 cibum
658 2331 708 2385 ribi
732 2327 824 2402 (Pron.
842 2331 917 2401 xxx).

132 2413 185 2469 Sed
212 2423 238 2468 ct
260 2416 303 2470 illc
318 2417 451 2472 veraciter
472 2418 593 2474 inllrmos
607 2420 710 2484 visitat,
726 2419 771 2491 qui
786 2419 874 2474 viduis
892 2429 921 2475 et

130 2505 240 2574 pupillis
258 2506 443 2579 eleemosynas
453 2518 556 2582 erogat.
583 2510 676 2566 lllduae
687 2511 758 2564 euim
774 2519 800 2565 et
815 2510 918 2580 pupilli,

131 2595 176 2663 qui
191 2604 253 2650 sunt
275 2597 390 2653 humiles
404 2607 432 2653 et
445 2615 577 2669 pauperes
589 2602 685 2672 spiritu
704 2610 815 2673 propter
827 2602 919 2657 Domi·

132 2700 207 2749 nrrru,
233 2686 325 2754 procul
346 2687 427 2742 dublo
440 2690 501 2758 quia
521 2698 708 2759 potentesuou
727 2699 799 2755 sunt,
820 2689 920 2745 inlrrmi

131 2782 195 2827 sunt
211 2774 237 2827 iu
253 2776 303 2829 boc
319 2777 427 2842 mundo,
439 2786 467 2832 et
479 2778 641 2834 visitationis
654 2779 788 2850 adjutorio
799 2781 922 2853 indigent

131 2864 159 2918 iu
177 2865 228 2920 boe
256 2867 364 2922 saeculo.
394 2868 432 2923 De
458 2868 504 2923 tali
526 2871 598 2923 euim
615 2871 922 2942 visitationeapostolus

131 2956 190 3011 ait:
218 2955 316 3027 lleliqio
335 2959 433 3012 maudo
459 2968 483 3013 et
514 2959 684 3014 immaculato
702 2961 773 3030 epod
791 2960 873 3030 Deum
898 2971 922 3016 et

972 1876 1067 1930 beatus
1085 1872 1245 1926 Benedictus
1265 1871 1394 1940 precepit
1411 1870 1552 1925 monacbis
1564 1878 1702 1923 mortuum
1718 1885 1765 1925 se·

972 1963 1067 2032 pelice,
1084 1961 1110 2015 id
1125 1968 1177 2026 est,
1193 1961 1215 2015 si
1230 1958 1312 2014 luerit
1335 1960 1405 2014 sieut
1417 1958 1506 2029 puella
1528 1959 1556 2013 iu
1568 1960 1660 2023 domo,
1675 1958 1767 2014 adbuc

973 2064 1062 2108 tamen
1078 2053 1105 2106 in
1119 2051 1282 2107 conscientia
1298 2051 1384 2106 latens
1398 2058 1550 2121 peecatum,
1575 2065 1609 2105 ue
1632 2050 1659 2104 iu
1682 2064 1767 2120 opere

972 2154 1102 2216 appareat
1117 2146 1152 2200 ibi
1167 2145 1281 2214 sepellre
1291 2160 1373 2211 eunr;
1397 2153 1424 2200 et
1440 2145 1462 2200 sl
1473 2144 1529 2214 jam
1545 2143 1626 2199 luerit
1640 2145 1668 2198 in
1682 2159 1767 2214 opere

973 2234 1166 2299 manilestum,
1188 2235 1259 2290 sieut
1273 2235 1305 2290 de
1320 2235 1365 2289 illo
1378 2235 1458 2290 unico
1475 2236 1570 2290 matris
1584 2235 1639 2290 lilio
1655 2235 1766 2303 legitur,

969 2325 1026 2396 jam
1040 2324 1112 2379 loras
1126 2333 1231 2393 portam
1260 2325 1347 2389 elato,
1369 2340 1404 2379 ne
1421 2323 1536 2394 amplius
1562 2338 1689 2379 crescens
1701 2339 1768 2394 pro-

973 2415 1122 2486 grediatur,
1141 2414 1176 2468 ibi
1204 2413 1285 2468 finem
1302 2415 1438 2485 accipiat,
1467 2423 1494 2469 et
1523 2415 1613 2470 cordis
1640 2416 1769 2485 sepulcre

973 2510 1116 2565 condatur.
1135 2509 1168 2563 Et
1183 2509 1406 2579 sidiuturnojam
1420 2519 1540 2580 tempore
1550 2526 1598 2582 per
1608 2520 1766 2581 peecatum,

973 2607 999 2654 et
1017 2599 1043 2652 in
1054 2599 1180 2656 omnibus
1194 2599 1220 2653 iu
1232 2598 1369 2669 publicum
1381 2599 1571 2665 manilestum,
1588 2610 1616 2656 et
1629 2615 1645 2654 a
1660 2601 1767 2656 eunetis

974 2689 1053 2744 luerit
1066 2688 1179 2744 fetidum
1189 2689 1352 2758 judicatum,
1374 2690 1447 2745 sieut
1466 2690 1500 2745 de
1516 2686 1700 2761 quatriduano
1711 2690 1766 2745 La-

974 2794 1037 2832 zaro
1049 2779 1163 2850 legitur,
1186 2779 1305 2835 neultra
1328 2780 1355 2834 iu
1371 2780 1480 2838 homine
1495 2780 1630 2853 pullulans
1647 2788 1765 2845 crescat,

976 2870 1085 2923 tandem
1108 2870 1301 2924 mortificatum
1322 2871 1428 2940 pariter
1438 2880 1466 2924 et
1476 2870 1611 2941 sepultum
1619 2868 1720 2943 jaceat.
1733 2869 1768 2926 Et

974 2960 1026 3014 lroe
1042 2959 1121 3013 modo
1141 2960 1230 3015 omnis
1243 2961 1411 3026 monachus,
1426 2970 1454 3015 et
1474 2960 1507 3014 ad
1521 2960 1665 3015 bominum
1677 2959 1768 3017 omnia

132 3046 241 3102 Patrem
257 3050 360 3103 boeeeat
378 3065 387 3101 :
408 3048 923 3120 l'isitorepupilloaetvidueaintribu·
975 3063 1131 3117 conversae,
1157 3049 1238 3105 debet
1261 3058 1414 3118 mortuum,
1430 3050 1458 3106 id
1473 3058 1530 3118 est,
1556 3065 1636 3106 suum
1651 3049 1768 3120 sepetire

132 3137 230 3191 lotione
252 3155 354 3202 eorum,
371 3148 423 3194 ete.
450 3139 520 3205 (tue.
541 3139 571 3210 ι).
603 3141 651 3196 Est
662 3152 688 3196 et
699 3142 751 3196 alia
777 3107 959 3198 inlirmltasC
976 3148 1128 3210 peceatum.

133 3229 231 3282 animae
245 3242 293 3297 pro
311 3243 365 3297 qua
383 3229 508 3284 monaehi
526 3231 625 3284 debent
640 3231 756 3285 invicem
769 3246 798 3286 se
812 3231 923 3285 visitare
1011 3231 1105 3286 tlt-la.
1133 3229 1166 3285 lu
1182 3229 1351 3286 tubulatione
1369 3232 1505 3288 subvenire
1526 3245 1536 3284 .·
1558 3231 1689 3286 dolentem
1708 3248 1768 3291 eorr-

133 3317 294 3386 sarpissime,
306 3317 349 3372 illa
360 3317 464 3373 seilicet
476 3319 508 3373 de
523 3334 575 3387 qua
589 3319 675 3374 David
689 3319 816 3375 dicebat:
844 3320 924 3375 iliae-
974 3321 1056 3376 soleri
1078 3320 1225 3395 (Ecolivrl.
1245 3321 1308 3378 llaec
1322 3338 1429 3393 quoque
1446 3324 1533 3379 virtus
1556 3324 1629 3379 inter
1654 3331 1767 3383 sanctes

133 3424 191 3461 rere
201 3408 275 3472 atrilii,
293 3407 415 3474 Domine,
432 3410 555 3479 quoniam
570 3409 691 3479 infirmor
712 3428 858 3475 sortesorte
872 3427 920 3475 ure,
975 3412 1088 3467 multum
1102 3420 1144 3468 est
1154 3415 1309 3469 necessaria
1322 3414 1480 3482 monachos,
1494 3414 1634 3482 videlieet,
1644 3422 1673 3469 ut
1688 3414 1769 3473 alteri

133 3496 244 3551 Dorruoe
256 3496 341 3568 (Psoi.
359 3497 407 3572 vr).
432 3499 465 3552 Et
478 3508 508 3553 ut
520 3500 677 3556 adverteres
699 3503 732 3556 de
745 3519 797 3572 qua
811 3503 924 3557 iudrmi·
974 3505 1116 3561 subveniat
1128 3504 1206 3569 alter,
1222 3512 1248 3558 et
1261 3505 1330 3559 alter
1352 3505 1506 3561 consoletur
1526 3506 1560 3560 ab
1573 3505 1671 3561 altero.
1689 3505 1769 3561 Sicut

134 3593 189 3639 tate
211 3585 329 3650 diceret,
352 3586 478 3642 addidit:
504 3588 538 3641 Ει
561 3592 652 3644 ouium
677 3607 735 3644 meo
754 3592 858 3646 turbato
886 3601 923 3646 eat
974 3597 1163 3666 scriptumest
1185 3594 1324 3649 :inuicem
1347 3612 1426 3650 onero
1445 3605 1529 3650 oestro
1542 3604 1662 3666 portate,
1689 3595 1769 3652 erate

133 3675 210 3728 auide
224 3676 329 3747 (itte).
358 3678 391 3730 Et
404 3678 467 3732 alibi
485 3696 491 3731 :
510 3679 565 3749 liqo
576 3680 785 3747 dieizllomr'ue,
801 3685 924 3739 miserere
975 3687 1241 3758 adimplebitialeqem
1263 3684 1363 3741 Christi
1383 3683 1530 3757 (Got.vr)‚
1551 3686 1578 3741 id
1603 3685 1770 3753 est,ebari-

135 3768 696 3842 arrei,autroonimomrneum,quio'peecooi
712 3772 922 3849 tiblll'acl.xe).
976 3786 1069 3833 tatem.
1096 3777 1341 3832 Sinedubioenim
1365 3786 1392 3830 et
1419 3775 1547 3833 tribulato
1560 3777 1682 3831 ebaritas
1708 3776 1770 3832 sub·

134 3856 207 3926 Ergo
223 3857 376 3926 ubieunque
390 3859 469 3929 liujus
483 3859 648 3915 infirmitatis
675 3877 751 3917 naevo
778 3864 924 3920 viderimus
975 3869 1071 3933 verrit,
1099 3877 1126 3922 et
1143 3866 1278 3923 dolentem
1295 3867 1416 3921 charitas
1438 3866 1602 3922 eorrsolatur.
1622 3865 1769 3924 Sciendum

135 3947 246 4001 tratrem
269 3964 437 4018 oppressum,
451 3951 543 4005 tandiu
559 3952 596 4005 illi
612 3953 774 4008 visitationis
785 3954 924 4024 iurpcnda-
977 3968 1066 4014 tamen
1080 3960 1143 4028 quia
1159 3958 1302 4028 aliquoties
1315 3960 1449 4015 monacho
1462 3959 1603 4014 tribulatio
1617 3960 1769 4015 suscitatur

136 4053 196 4091 ruus
221 4039 349 4103 studium,
366 4039 492 4094 donecad
503 4041 597 4096 salutis
612 4043 756 4111 pristinum
781 4052 925 4099 revocetur
975 4050 1096 4104 exterius
1109 4050 1142 4103 ab
1156 4049 1275 4114 bomine,
1290 4050 1434 4119 aliquoties
1444 4066 1507 4105 vero
1522 4051 1673 4107 suscitatur
1686 4066 1703 4105 a
1715 4051 1769 4109 de-

134 4137 255 4194 statum,
283 4137 355 4185 utet
378 4130 626 4202 infirmuseorpove
643 4144 743 4190 nostrae
761 4137 925 4192 visitationis
975 4156 1066 4205 arone,
1082 4140 1224 4211 aliquoties
1232 4150 1321 4196 autem
1335 4143 1768 4215 ipsiustautumprupriosuseita-

135 4217 272 4282 solatium,
286 4228 315 4273 et
327 4221 450 4275 inllrrnus
467 4222 493 4275 in
508 4222 607 4287 anima,
623 4224 740 4279 donante
752 4223 870 4289 Christo,
882 4240 925 4280 rc-
977 4240 1021 4285 tur
1031 4244 1177 4300 acorpore.
1187 4230 1460 4300 Undectlrequenter
1468 4232 1495 4286 in
1504 4231 1683 4288 tribulatione
1691 4232 1768 4293 valde

135 4312 254 4366 medium
282 4311 403 4367 inveniat
432 4315 635 4384 sempiternum.
677 4317 801 4371 lutirmus
827 4319 926 4374 dieitur
976 4323 1160 4379 neeessariam
1172 4322 1255 4377 babet
1270 4321 1363 4377 fratris
1380 4323 1598 4389 subventionem,
1617 4332 1645 4378 et
1657 4339 1769 4380 nonsu-

136 4415 188 4453 uon
205 4402 291 4455 solum
317 4414 443 4473 aegrotus,
469 4405 517 4459 sed
541 4406 623 4460 etlam
641 4408 732 4462 animo
747 4410 877 4466 molestus
897 4418 925 4464 et
940 4437 962 4494 Β
977 4415 1031 4469 lum
1055 4415 1132 4470 nobis
1161 4414 1188 4468 in
1214 4414 1330 4468 invicem
1355 4415 1519 4480 subvenire,
1545 4414 1591 4469 sed
1613 4416 1717 4471 etaliis
1741 4416 1768 4472 itt

135 4493 321 4548 contristatus.
977 4522 1139 4578 quacunque
1164 4506 1327 4561 necessitate
1353 4507 1450 4575 positis
1477 4506 1666 4561 subventionis
1685 4506 1770 4573 ‚debe-

174 4583 215 4635 ll.
243 4585 378 4640 ,llortutrm
396 4588 504 4658 sepelire
529 4590 603 4661 (l'ob.
626 4609 645 4657 r,
664 4608 695 4656 u,
712 4591 772 4666 ιιι).
801 4594 925 4667 Congrue

136 4685 225 4728 autem
242 4687 383 4746 postquam
399 4681 477 4735 nobis
501 4685 630 4753 praeeepit
645 4685 782 4744 infirmum
801 4688 923 4754 visitare,

135 4767 264 4834 praecepit
274 4777 301 4822 et
313 4781 448 4825 mortuum
462 4772 586 4841 sepelire,
601 4774 663 4843 quia
674 4775 781 4829 irrlirmo
796 4771 923 4844 visitatio,

137 4856 274 4922 sepultura
293 4873 357 4915 vero
368 4861 481 4916 debetur
494 4873 611 4919 mortuo.
632 4864 819 4935 scriptumest
832 4869 903 4923 enim
917 4884 924 4924 :

138 4940 202 5007 Fili,
214 4944 240 4996 in
253 4957 355 5000 mortuo
369 4950 616 5023 produciucryrnor,
628 4966 651 5007 et
666 4956 741 5024 quusi
753 4956 820 5009 doro
832 4975 925 5026 posavia

137 5032 220 5103 incipe
232 5034 346 5104 plorare,
368 5051 391 5092 et
405 5044 682 5115 aecrrnduurjudirimn
693 5046 774 5100 conde
789 5064 882 5118 corpas
896 5050 925 5103 r'l-

137 5123 199 5188 lius,
212 5134 236 5178 et
251 5143 301 5180 rrou
317 5128 443 5198 despiciar
454 5134 614 5202 sepulturam
624 5137 680 5206 ejas
697 5135 922 5210 (Eccilxxxvrrr).

136 5213 222 5270 Valde
247 5219 318 5271 euim
342 5235 356 5272 a
383 5222 541 5289 quibusdam
563 5226 714 5280 mirandum
737 5229 854 5294 videtur,
876 5247 924 5287 eur

136 5305 400 5362 beatusBenedietus
410 5314 537 5381 praecepit
547 5315 686 5370 morraelris
700 5327 835 5372 mortuum
851 5335 925 5389 sepe-

137 5393 195 5448 llre.
219 5395 355 5466 Nrruquid,
370 5398 454 5461 aiunt,
475 5407 521 5453 aut
547 5416 625 5455 suum
649 5404 812 5475 insepultum
840 5408 923 5462 reliu-

137 5501 231 5551 querr,
252 5498 297 5542 aut
312 5488 423 5544 alterius
441 5506 490 5559 per
516 5492 588 5547 vicos
603 5504 650 5548 aut
660 5496 736 5552 villas
747 5499 787 5553 ire
799 5508 926 5569 poteraut

978 4616 1038 4653 mus
1057 4599 1185 4651 arrxilium
1212 4598 1377 4652 ministrare.
1399 4596 1553 4652 Secundum
1569 4599 1643 4653 enim
1667 4613 1769 4667 praeee·

976 4695 1052 4758 ptum
1067 4686 1187 4755 dqmstoli
1202 4686 1324 4740 debemus
1338 4687 1451 4756 qoudere
1466 4704 1525 4740 cum
1538 4685 1731 4757 quatientibus,
1744 4696 1768 4742 et

976 4778 1111 4846 llerccunr
1133 4778 1254 4846 [lentibus
1280 4776 1369 4848 (Rota.
1385 4777 1445 4848 ιιι).
1474 4777 1583 4848 Duobus
1609 4778 1686 4833 euim
1712 4794 1769 4834 mo·

979 4869 1020 4924 dis
1043 4869 1131 4922 arianis
1149 4867 1264 4923 ellreitur
1279 4869 1389 4934 dolens,
1410 4869 1437 4923 id
1460 4877 1520 4932 est,
1541 4877 1589 4923 aut
1609 4885 1657 4939 per
1680 4869 1771 4941 jactu·

979 4976 1036 5013 raru
1062 4960 1249 5031 temporalium
1266 4973 1374 5025 rerum,
1394 4968 1441 5013 arrt
1461 4974 1510 5029 per
1536 4959 1636 5013 damna
1659 4959 1769 5030 spirita-

978 5050 1042 5105 lium
1074 5053 1213 5105 virtutum.
1239 5050 1277 5106 De
1300 5050 1352 5105 hoc
1378 5049 1449 5104 enim
1478 5048 1607 5104 Salomon
1636 5053 1676 5104 ait
1702 5069 1709 5103 :
1736 5049 1769 5107 Et

977 5141 1052 5196 addit
1070 5142 1231 5206 scientiam,
1257 5141 1333 5198 addit
1357 5140 1477 5195 dolorem
1494 5139 1599 5207 (Eccle.
1616 5140 1653 5211 ι).
1674 5139 1769 5196 neitto

977 5241 1065 5286 autem
1084 5233 1134 5286 iob
1156 5233 1244 5286 dixit:
1267 5230 1337 5296 Qotu
1363 5231 1461 5301 opum?
1478 5229 1538 5284 Etsi
1562 5240 1690 5293 tacuero,
1719 5245 1769 5283 noa

974 5327 1086 5396 quiescet
1112 5325 1187 5378 dolor
1214 5342 1304 5388 aneos,
1334 5323 1463 5394 ercltot
1491 5323 1559 5393 xvr).
1581 5323 1657 5379 Unus
1680 5333 1768 5382 autem

976 5414 1122 5469 carnaliter
1147 5415 1239 5479 dolet,
1261 5415 1331 5469 alter
1349 5430 1414 5469 vero
1433 5414 1603 5484 spiritaliter.
1614 5403 1616 5406 ’
1627 5414 1705 5470 Unus
1722 5413 1756 5470 do

976 5504 1014 5558 let
1036 5507 1099 5573 quia
1137 5513 1274 5560 terrenum
1303 5505 1394 5559 amisit
1427 5505 1572 5569 solatium,
1608 5505 1681 5561 alius
1708 5504 1768 5577 qnia

139 5578 261 5630 rrrrmaelri
277 5587 397 5634 mortuos
413 5581 526 5651 sepelire
539 5584 551 5636 i
577 5583 630 5639 Sed
643 5587 706 5655 quia
723 5590 774 5643 ista
788 5606 841 5644 uon
857 5607 924 5646 eou-
973 5598 1115 5664 peecanlo
1132 5597 1237 5665 copiam
1251 5597 1342 5650 amisit
1357 5597 1507 5661 virtutum;
1532 5612 1604 5652 unus
1617 5596 1693 5653 dolet
1706 5595 1768 5671 quia

138 5667 405 5737 reulumarnaudus,
422 5676 555 5731 serauouis
568 5674 648 5744 lrujus
660 5681 876 5736 convenientiam
887 5682 925 5736 vi·
977 5685 1093 5754 perdidit
1117 5696 1223 5756 patrem
1241 5695 1269 5743 et
1295 5698 1433 5755 matrem,
1463 5687 1533 5746 alius
1549 5689 1623 5746 dolet
1640 5689 1706 5762 quia
1726 5703 1771 5746 su·
