3810 6120
157 299 210 357 25³5
794 288 971 345 Sltautool
991 284 1138 341 tonans

157 423 222 491 Qum
236 428 300 475 sunt
316 418 388 474 illius
402 416 554 472 desideria?
568 413 618 469 ille
637 414 768 468 homicida
782 422 838 468 crat
850 413 882 468 oi
896 413 945 467 iui-
961 411 1172 471 Amanumcnto
1187 423 1267 462 tremo
1283 415 1345 462 aute
1361 407 1450 472 illum,
1471 420 1552 463 nemo
1574 415 1635 477 post
1652 407 1729 464 illum
1750 425 1792 465 so-

156 514 203 578 tio,
217 522 243 568 et
261 527 305 566 ros
322 508 439 581 asseritis
452 524 493 562 ute
510 507 638 562 occidere.
653 505 724 560 Ecce
738 504 873 575 quomodo
888 504 949 559 imi·
1000 497 1092 567 pullus
1107 508 1160 554 εει.

159 604 262 661 tatione
275 601 323 657 biii
336 599 455 656 diaboli?
473 596 540 653 Nam
555 605 583 653 et
595 595 642 651 sslii
657 603 735 652 eraut
749 596 865 652 Abrabae
885 611 949 667 pro·
1034 589 1104 643 Deus
1123 605 1182 642 aero
1203 588 1338 643 suscitavit
1352 605 1439 642 roura
1459 589 1580 643 mortuis.
1595 585 1682 643 badis
1699 603 1794 648 arnara

155 705 218 767 pter
238 694 373 766 originem
388 689 494 757 'earnis‚
517 691 615 760 quihus
629 689 682 745 ista
695 688 840 761 Apostolus
857 687 950 758 loque-
999 677 1089 733 ol'ttcis
1107 678 1225 744 evanuit,
1245 677 1294 734 flos
1310 679 1372 734 viiio
1392 693 1453 733 cunt
1478 678 1611 735 inertibus
1631 679 1751 736 surrexit
1766 683 1794 738 in

157 789 246 850 batur,
261 791 290 840 et
302 782 349 837 sslii
363 781 531 847 imitationis,
545 788 656 852 propter
666 781 818 836 castitatem
833 778 947 833 timoris.
999 769 1094 842 glorio·
1110 768 1173 825 flaec
1187 779 1229 826 eil
1238 771 1314 843 litto
1324 770 1427 836 Milon,
1438 786 1498 841 ¹1¹¹ae
1511 781 1571 842 bosi
1584 771 1736 828 siccitatem
1748 773 1794 828 llo-

157 877 262 947 Qulbus
285 875 441 948 specialiter
455 873 564 929 dicebat
583 891 588 927 :
604 872 694 944 etqui
711 872 739 927 in
755 871 833 928 robis
850 871 950 926 omem
999 866 1063 918 ruit.
1076 863 1159 935 Virga
1175 865 1247 919 enim
1261 872 1323 934 post
1338 863 1493 918 ariditatem
1506 865 1654 931 virescens,
1668 862 1795 924 Christus

156 972 257 1028 popm,
1000 965 1043 1012 est
1064 965 1125 1027 post
1145 969 1260 1013 mortem
1276 973 1432 1029 resurgens.
1451 958 1497 1029 qui
1518 965 1561 1013 cst
1574 955 1623 1014 bos
1645 959 1793 1031 uirginum,

197 1061 309 1117 Verium
322 1058 415 1115 salutis
430 1059 537 1113 missum
550 1066 598 1111 est.
614 1056 663 1129 (Ex
679 1054 803 1125 llieron.)
818 1051 886 1109 lllud
899 1052 950 1108 uti·
1000 1061 1100 1103 corona
1115 1057 1275 1119 martyrum,
1290 1048 1377 1120 gratia
1387 1045 1595 1103 continentium.

157 1166 221 1223 crte,
243 1152 349 1220 dequo
372 1149 454 1204 isaias
470 1151 507 1203 ait
525 1166 531 1201 :
552 1144 665 1202 Verbum
685 1146 754 1200 misit
779 1144 908 1199 Dominus
922 1144 950 1197 ia
1037 1137 1089 1207 Qui
1110 1137 1181 1193 uisus
1196 1147 1233 1192 est
1257 1154 1304 1209 per
1325 1137 1380 1193 dies
1403 1136 1510 1192 multos.
1533 1137 1562 1193 ld
1582 1146 1641 1204 est,
1661 1152 1711 1208 per
1733 1139 1793 1194 dics

157 1239 241 1314 ‚iacob
255 1251 278 1294 ct
301 1239 393 1294 cecidit
415 1240 443 1292 iu
467 1237 551 1294 lsrael
575 1237 659 1308 (lsai.
688 1238 739 1306 u),
753 1237 780 1290 id
802 1246 860 1301 est,
878 1234 969 1290 misit·
1001 1228 1189 1299 quodraginta.
1211 1227 1270 1282 Non
1298 1237 1387 1282 tamen
1411 1228 1451 1283 eis
1479 1242 1528 1298 per
1552 1243 1648 1284 omnes
1672 1229 1793 1301 quadra·

160 1327 329 1387 bensi'ilium
341 1346 436 1394 strum,
450 1329 484 1384 de
499 1345 553 1400 quo
566 1328 685 1384 ioannes
697 1330 754 1383 ait:
770 1327 804 1382 la
821 1327 949 1399 principio
1001 1319 1074 1390 ginta
1090 1317 1149 1373 illos
1169 1316 1226 1374 dics
1242 1317 1370 1395 continuo
1385 1320 1525 1389 apparuit,
1544 1317 1592 1375 sed
1614 1320 1721 1391 quoties
1743 1337 1792 1375 ro-

158 1431 214 1474 crat
232 1415 378 1473 lfertames
396 1417 659 1487 Verbumcrataputi
674 1416 876 1471 DeumetDeua
893 1424 950 1469 erat
1001 1412 1065 1474 luit,
1087 1409 1184 1479 ortibus
1211 1407 1295 1463 voluit
1323 1415 1351 1463 ct
1375 1409 1602 1478 quemadmodum
1630 1409 1714 1466 voluit
1742 1425 1793 1481 ap-

166 1509 287 1576 l'erium,
301 1511 335 1566 ad
355 1509 449 1574 iacob,
464 1509 489 1564 ul
510 1519 565 1571 εει,
589 1509 622 1562 ad
635 1507 753 1573 intimos,
773 1517 800 1561 et
822 1506 897 1562 venit
916 1505 950 1560 ad
1002 1502 1104 1574 paruit.

158 1605 249 1670 lsrael,
266 1603 318 1660 boc
341 1611 398 1668 cst,
422 1601 456 1656 ad
479 1600 600 1673 gentium
627 1598 764 1669 populum.
787 1595 837 1652 Dei
859 1604 949 1650 aulem
1038 1591 1087 1646 His
1103 1593 1148 1664 arri
1168 1589 1248 1646 simui
1270 1593 1441 1648 meanderunt
1462 1611 1521 1647 essm
1542 1610 1573 1649 eo
1592 1595 1624 1650 de
1639 1595 1751 1652 Galiiua
1767 1599 1796 1652 in

159 1693 278 1750 Verbum
302 1693 358 1763 ipse
378 1699 420 1747 est
435 1690 481 1745 lici
506 1689 600 1743 Filius.
623 1687 793 1759 Quapropter
806 1702 866 1740 cum
887 1701 950 1740 enus
1004 1680 1179 1749 Hierusalem,
1194 1694 1247 1738 etc.
1264 1682 1344 1738 Solva
1362 1683 1475 1739 bistoria
1492 1683 1633 1741 videamus
1648 1685 1797 1759 intelligen-

160 1785 242 1839 l‘atcr
256 1783 345 1839 Verbo
359 1781 432 1836 misit
447 1796 463 1835 a
478 1780 569 1843 Putre,
585 1788 613 1833 ut
633 1778 659 1832 in
675 1776 764 1833 Verbo
778 1778 836 1848 ejus
849 1775 951 1831 iactum
967 1758 989 1817 Β
1005 1773 1079 1828 tiam.
1095 1772 1205 1830 Galilaea
1221 1789 1338 1845 namque
1353 1774 1555 1846 transmigratio
1568 1774 1639 1831 iacta
1660 1777 1796 1848 interpre-

159 1882 212 1939 εει,
226 1881 256 1927 ιιι
270 1873 432 1927 mitteretur.
450 1870 520 1941 Ergo
535 1885 549 1922 a
570 1869 651 1923 Patre
664 1876 692 1922 et
706 1868 774 1922 Filio
790 1867 890 1922 missus
910 1876 953 1922 est
1003 1872 1088 1930 tatur,
1103 1863 1272 1922 Hierusalem
1281 1852 1355 1921 ‘visio
1369 1865 1453 1938 pacis.
1469 1865 1508 1921 llli
1519 1867 1591 1922 enim
1605 1882 1667 1923 cum
1679 1868 1796 1925 Donnino

159 1961 230 2018 idern
248 1961 345 2027 Filius,
359 1961 421 2030 quia
438 1959 556 2015 Verbum
576 1957 666 2013 Putris
680 1966 723 2013 cst
742 1958 800 2028 ipse
815 1957 910 2020 Filius,
926 1957 951 2010 in
1003 1953 1037 2009 de
1058 1953 1166 2009 Galilaea
1188 1955 1369 2011 ascenderunt
1392 1956 1419 2011 in
1444 1955 1696 2029 llierusalem,‹1ui
1719 1961 1797 2030 prins

158 2054 217 2124 ipso
234 2049 593 2121 postcommunionem
614 2048 747 2121 principio
767 2047 837 2119 apud
854 2047 950 2110 Deum,
1003 2045 1186 2101 bicritiomm
1207 2046 1329 2101 fomitem
1352 2056 1519 2117 respuentes,
1540 2048 1574 2104 ad
1588 2049 1721 2106 uirtutum
1736 2050 1796 2106 eul-

158 2159 186 2198 ει
199 2143 270 2199 [lem
287 2152 356 2207 crat,
371 2142 398 2197 in
416 2142 473 2212 ipsa
488 2140 592 2196 scilicet
606 2139 738 2211 sapientia
755 2138 803 2194 Dei
814 2146 885 2203 erat,
899 2154 952 2208 qno
1003 2134 1077 2191 mina
1104 2137 1307 2209 trarrsmigrant.
1332 2137 1372 2193 llll
1398 2137 1518 2204 scilicet,
1537 2153 1597 2194 cum
1624 2141 1798 2212 redemptore

160 2243 280 2305 tempore
295 2234 413 2289 licrlmm
435 2247 500 2287 caro
514 2231 601 2296 liceret,
617 2238 646 2286 et
659 2229 793 2285 habitaret
814 2230 841 2284 in
863 2230 951 2284 nobis.
1003 2234 1096 2281 nostro
1107 2241 1122 2280 a
1135 2227 1260 2297 passione
1274 2227 1308 2281 ad
1321 2228 1559 2294 resurrectionem,
1576 2246 1591 2284 a
1607 2241 1694 2287 morte
1707 2233 1742 2288 ad
1757 2233 1798 2286 ri·

161 2323 227 2392 Quae
241 2323 379 2394 plenitudo
399 2321 528 2393 temporis
548 2336 610 2375 cum
627 2319 762 2385 uenisset,
785 2319 862 2374 misit
881 2319 953 2374 Dens
1004 2322 1098 2378 tama
1115 2328 1196 2384 poena
1210 2315 1243 2370 ad
1264 2315 1415 2387 gloriama
1432 2319 1605 2389 corruptione
1624 2319 1658 2374 ad
1672 2321 1798 2377 incorru-

160 2413 258 2471 i'ilium
269 2429 347 2469 snum
360 2411 462 2467 lactum
474 2427 507 2466 ea
521 2410 644 2475 muliere,
657 2417 687 2463 ut
702 2410 873 2465 incarnatum
887 2409 952 2465 ier-
1003 2402 1124 2472 ptionem
1152 2405 1383 2476 transmigrabant
1419 2407 1446 2463 in
1477 2406 1655 2465 Hierusalem.
1685 2410 1798 2468 Coelesti

1736 289 1791 347 tto
1879 340 1883 348 .

160 2506 225 2562 burn
237 2502 392 2561 bominibus
407 2507 560 2573 appareret.

197 2594 249 2661 Qui
261 2594 330 2651 enim
342 2592 496 2649 babitabant
521 2589 684 2645 Hierusalem
698 2599 721 2643 ει
735 2589 864 2659 principes
884 2587 950 2657 ejus,

158 2696 212 2744 ete.
231 2685 280 2756 (iix
296 2682 389 2755 Beda.)
406 2681 473 2738 ilinc
488 2682 516 2736 in
535 2679 647 2737 Actibus
671 2677 862 2748 Apostolorum
880 2675 951 2731 scri-

159 2787 234 2849 ptum
247 2782 308 2832 est:
326 2773 413 2828 iioses
426 2770 494 2826 euim
507 2788 522 2825 a
536 2768 694 2840 temporibus
709 2768 823 2839 antiquis
837 2766 913 2820 babet
925 2766 952 2820 iu

1003 2493 1167 2565 quandoque
1197 2493 1282 2550 Deum
1306 2494 1359 2549 lati
1389 2496 1536 2562 ridebunt,
1564 2498 1611 2568 qui
1641 2499 1686 2557 bic
1715 2501 1798 2556 modo

1002 2585 1078 2640 ciliis
1100 2586 1236 2642 derelictis
1258 2587 1292 2643 ad
1316 2589 1449 2644 virtutum
1468 2589 1657 2647 celsitudinem
1677 2593 1797 2648 transie-

1004 2680 1070 2737 rint.

1039 2770 1073 2824 ttr
1086 2788 1133 2826 nos
1148 2773 1220 2826 uobis
1233 2774 1420 2829 aunttuliamus
1432 2792 1462 2830 ea
1476 2793 1535 2848 aua
1547 2778 1582 2832 od
1592 2789 1680 2850 patres
1694 2790 1797 2836 nostros

159 2867 269 2940 sindulis
290 2864 438 2921 ciuitatibus
451 2863 495 2931 arti
508 2880 567 2917 eum
581 2863 705 2933 predicet
718 2861 745 2914 irs
758 2860 909 2931 spnopopis,
924 2860 952 2913 in
1003 2866 1170 2936 repromissio
1184 2864 1255 2934 iacta
1271 2875 1318 2932 cst,
1334 2875 1387 2922 etc.
1400 2867 1516 2925 Abrabre
1529 2871 1602 2925 cuim
1618 2871 1720 2926 dictum
1734 2883 1776 2928 est
1790 2893 1796 2926 :

161 2960 204 3037 bis
222 2956 384 3014 testimoniis
396 2954 539 3011 manifeste
561 2954 724 3017 declaratur,
739 2953 801 3022 quia
816 2951 896 3016 lectio
915 2951 953 3005 lc·
1001 2949 1032 3010 iu
1046 2962 1072 3009 te
1086 2956 1281 3010 benedicentur
1301 2957 1434 3013 universa
1453 2961 1633 3034 cognationes
1646 2969 1735 3018 terre.
1751 2960 1799 3018 ia·

161 3052 203 3122 gis
226 3049 269 3104 rel
289 3049 483 3119 prophetarum
506 3044 638 3099 airrdmis
662 3042 774 3098 sabbato
797 3057 904 3111 semper
925 3043 951 3096 in
1004 3046 1055 3100 cnb
1069 3054 1179 3099 autem:
1196 3046 1230 3100 Et
1246 3047 1433 3103 benedicentur
1451 3051 1478 3105 in
1495 3062 1520 3104 re
1538 3062 1563 3106 et
1584 3053 1613 3106 in
1632 3054 1731 3109 semine
1750 3068 1799 3110 tuo

161 3140 305 3214 synagogis
318 3137 469 3210 legebam·
943 3203 947 3213 ¹
1004 3144 1104 3189 cristatae
1123 3136 1207 3190 tribus
1221 3147 1307 3192 terrac.
1322 3138 1398 3206 Quod
1419 3141 1565 3211 Apostolus
1579 3159 1718 3215 exponens
1734 3162 1797 3200 ars:

196 3232 312 3304 Cumque
329 3235 550 3285 consummassent
572 3226 660 3280 cornia
678 3242 736 3298 qua
755 3225 788 3280 ds
806 3241 836 3279 eo
855 3225 952 3295 scripta
1003 3224 1065 3279 Nou
1080 3226 1146 3281 dicit
1163 3227 1190 3281 iu
1206 3229 1356 3296 sauriniius,
1372 3233 1418 3286 sed
1435 3233 1462 3287 in
1478 3235 1575 3289 scuriae
1596 3244 1652 3300 tuo,
1670 3237 1740 3309 quod
1757 3249 1798 3292 ess

160 3335 232 3381 sum.
250 3321 301 3396 (Eu
312 3319 437 3394 August.)
453 3319 516 3383 llaec
533 3319 615 3374 rerba
630 3327 657 3372 et
672 3316 790 3372 ioannes
804 3318 857 3372 boc
871 3317 952 3371 modo
1002 3314 1130 3374 Cin-irtus.
1143 3318 1242 3375 Semen
1254 3322 1362 3392 quidem
1375 3325 1491 3381 Abrabae
1502 3324 1627 3384 Cbrisurs
1640 3337 1693 3396 est,
1708 3330 1734 3386 in
1748 3346 1799 3386 cn·

161 3423 265 3480 namet,
281 3413 392 3470 diceus:
407 3408 500 3465 Postea
516 3411 601 3465 sciens
614 3409 702 3474 lesus,
715 3408 777 3479 qnia
791 3407 878 3461 omnia
890 3424 953 3461 aon·
999 3407 1173 3478 lustraminis
1188 3409 1239 3467 lde
1253 3414 1379 3469 omnibus
1394 3423 1473 3471 terra
1487 3415 1597 3472 familiis
1609 3417 1709 3477 tndaeis
1722 3421 1801 3477 rice-

160 3513 402 3567 summatasunt‚ut
410 3499 778 3568 consummareturScriptura
787 3497 862 3551 dicit:
872 3496 949 3563 Sirio,
1003 3499 1065 3556 iicet
1082 3511 1110 3556 ει
1126 3504 1253 3573 gentibus
1270 3514 1310 3561 est
1330 3505 1483 3563 benedictio
1501 3510 1676 3578 repromissa,
1692 3511 1719 3566 iul
1736 3521 1798 3580 cst,

160 3602 213 3652 etc.
228 3593 319 3668 (Joau.
333 3592 400 3663 rm).
424 3591 545 3648 Peractis
557 3589 682 3646 omnibus
701 3588 789 3654 iesus,
808 3603 868 3658 quae
887 3598 951 3642 aute
1002 3589 1151 3660 signillcat,
1175 3592 1244 3647 dabo
1260 3593 1336 3648 uobis
1357 3603 1452 3650 saneta
1474 3596 1559 3652 David
1576 3598 1677 3666 tidelia,
1696 3599 1798 3667 idest,

161 3702 238 3745 sumn
251 3695 366 3742 mortem
379 3685 470 3755 peragi
484 3683 637 3753 oportebat,
653 3681 761 3751 quando
777 3680 860 3736 soluit
874 3690 900 3734 et
914 3681 952 3735 si·
1001 3698 1169 3755 utracunque
1183 3686 1266 3740 llarid
1281 3687 1405 3756 promisi,
1416 3689 1512 3745 eadem
1526 3689 1603 3746 robis
1614 3691 1702 3749 bdeiis
1714 3708 1800 3764 spon-

162 3785 210 3834 ent
220 3776 306 3832 roluil
319 3774 430 3830 tradidit
442 3774 577 3845 spiritum.

199 3870 359 3940 Dcpouesdes
372 3882 431 3921 eum
444 3865 476 3919 de
497 3864 577 3935 liano.
589 3863 611 3918 b
625 3862 699 3918 blase
719 3863 745 3916 in
759 3877 850 3918 eremo
864 3878 950 3920 arcus

162 3975 274 4030 serpens
294 3957 366 4028 ligno
377 3970 523 4026 suspensus
536 3961 594 4018 est,
608 3962 638 4007 ut
652 3952 783 4007 bertuinus
796 3961 824 4009 et
844 3952 872 4006 iu
890 3967 944 4008 ser-

162 4058 243 4122 pente
257 4056 380 4104 morums
400 4043 410 4117 (
419 4045 501 4100 Nom.
515 4058 574 4109 sn:
589 4041 668 4097 toan.
682 4041 741 4114 ru),
763 4050 790 4096 et
806 4041 833 4095 in
847 4056 900 4096 tere
914 4043 951 4096 si-

161 4138 336 4210 gnificaretur
348 4144 477 4198 eternus,
492 4132 632 4197 uidelicet,
647 4141 677 4187 ut
693 4133 859 4188 indicaretur
876 4148 949 4187 mor·

158 4237 226 4286 tuus
237 4244 285 4299 per
297 4225 510 4289 liunranitatem,
524 4231 550 4279 ει
567 4231 656 4278 tanuen
669 4230 743 4277 essct
760 4223 837 4292 quasi
860 4237 950 4278 renem

157 4318 402 4390 perdiuinitutem.

1001 3788 1046 3828 sor
1062 3773 1189 3844 implebo,
1211 3776 1349 3831 Christum
1364 3777 1468 3835 scilieet
1481 3779 1514 3835 de
1528 3775 1588 3848 cius
1603 3781 1689 3854 stirpe
1706 3785 1798 3841 nasci-

1003 3870 1102 3918 turum

1179 3970 1347 4013 crescamus
1366 3974 1453 4022 auca,
1468 3974 1528 4014 cnr.
1542 3974 1616 4015 xsrr.

1039 4065 1048 4099 s
1068 4044 1150 4102 Stetit
1167 4046 1245 4103 iesus
1264 4048 1291 4103 in
1312 4049 1401 4105 medio
1414 4049 1607 4122 discipulorum
1624 4065 1747 4116 stromat,
1769 4064 1799 4110 et

1004 4155 1013 4189 ι
1032 4138 1071 4192 ait
1086 4138 1155 4194 iliis:
1171 4137 1226 4194 Pas
1239 4139 1326 4204 robis,
1340 4155 1390 4210 ego
1402 4156 1471 4204 sum,
1489 4141 1572 4197 nolite
1588 4143 1706 4200 batere:
1722 4143 1796 4201 Con·

1004 4246 1014 4279 s
1034 4227 1135 4282 turbati
1148 4244 1213 4284 sero
1223 4237 1251 4284 ct
1264 4230 1406 4286 conterriti
1420 4231 1614 4288 existimabant
1624 4248 1653 4289 se
1668 4234 1796 4304 spiritum

1004 4336 1013 4371 r
1032 4319 1134 4374 ridere.
1151 4319 1184 4373 tu
1195 4319 1263 4374 dixit
1284 4321 1323 4375 cis
1340 4339 1345 4373 :
1360 4320 1430 4389 Quid
1443 4323 1541 4378 turbati
1557 4324 1633 4390 estis,
1647 4333 1675 4379 et
1692 4326 1800 4396 cogita·

195 4410 257 4483 iliu
280 4408 433 4479 Eucherio.)
458 4406 528 4473 erid
556 4405 770 4479 respondendum
788 4414 830 4462 cst
848 4405 949 4462 iudeis
965 4435 1013 4508 D·
1034 4410 1121 4465 tiones
1143 4410 1293 4465 ascendunt
1315 4412 1341 4465 in
1363 4414 1444 4468 corda
1465 4422 1566 4478 restra,
1586 4413 1675 4469 videte
1696 4429 1796 4470 manus

161 4500 350 4571 objicientibus
359 4499 543 4554 testimonium
554 4498 617 4553 illud
628 4517 636 4553 ι
646 4498 801 4553 Maledictus
811 4501 895 4561 omnis
905 4501 949 4570 qui

162 4589 255 4663 ρἐιιιιει
278 4591 410 4662 iniipuoi
425 4589 594 4643 llnleslictrnu
614 4604 675 4644 csse
691 4591 829 4646 bominem
852 4592 897 4660 arri
922 4594 949 4648 in

164 4687 237 4758 ligno
249 4686 374 4758 pendeat,
395 4684 442 4739 sed
457 4684 579 4749 ararium,
593 4699 645 4737 non
661 4683 842 4743 innocentem.
857 4684 950 4758 Neque

162 4777 236 4832 euim
257 4775 416 4831 innocentie
430 4782 591 4847 potestesse
605 4772 776 4830 maledictum
791 4790 870 4847 prena
888 4792 949 4847 pcc·

163 4868 227 4922 cati.
240 4864 346 4922 Etenim
362 4866 384 4922 si
407 4864 585 4936 llurdocbcus
600 4874 750 4935 preparato
765 4865 839 4938 ligno
850 4882 950 4938 appen-

162 4974 209 5014 sus
222 4958 382 5014 εειιιειιιίειιι
398 4957 478 5030 regite
491 4955 660 5012 crudelitatis
672 4955 816 5027 explesset,
830 4960 950 5029 nunquid

162 5060 225 5102 eum
239 5048 349 5120 dignum
362 5047 413 5103 bac
433 5046 622 5103 rudedictione
632 5046 802 5117 judicarent?
817 5047 876 5103 Non
892 5065 950 5105 om-

162 5138 228 5195 niuo
251 5138 352 5194 idcirco
366 5138 495 5194 Domims
517 5147 611 5195 noster
632 5138 760 5209 pependit
778 5139 805 5194 in
824 5138 904 5209 ligno,
922 5151 953 5197 ut

127 5204 134 5290 i
162 5246 213 5287 uos
233 5245 249 5285 a
272 5228 380 5295 delicto,
393 5230 466 5300 qrrod
483 5230 512 5286 in
532 5229 605 5303 liguo
622 5228 709 5284 lucrat
723 5231 883 5300 perditionis
900 5234 948 5289 ad-

163 5326 288 5393 missum,
300 5323 373 5395 ligno
382 5338 516 5395 appensus
530 5324 693 5378 absolveret.
769 5308 771 5312 ⁸

199 5414 347 5471 Posuarurst
361 5415 389 5469 irs
405 5422 581 5469 monumento.
595 5413 646 5485 (Ex
665 5411 790 5485 August.)
810 5415 838 5470 ln
856 5432 950 5471 nronrr-

53 5513 63 5533 ‘
164 5517 256 5565 mento
269 5522 338 5564 noro
353 5505 457 5577 positus
470 5511 512 5560 cst
531 5501 618 5568 lesus,
633 5505 726 5574 inquo
743 5506 862 5560 stenelum
876 5507 950 5576 quis-

163 5613 243 5666 uuum
256 5599 361 5669 positus
374 5605 441 5659 emt,
457 5596 529 5651 sicut
539 5594 565 5648 in
580 5594 779 5666 elmintonam
795 5613 874 5652 rrcrrro
885 5611 949 5654 triste

163 5690 250 5766 illitus,
273 5706 352 5746 neum
370 5699 429 5762 post
453 5689 526 5743 illum
541 5695 687 5773 corrceplus
707 5697 759 5756 cst,
784 5690 820 5744 ita
846 5693 870 5744 in
898 5693 948 5745 boc

1007 4517 1015 4548 s
1034 4515 1108 4554 meos
1121 4508 1150 4555 cl
1163 4501 1255 4570 perles,
1269 4501 1332 4572 quia
1347 4517 1396 4573 ego
1411 4503 1468 4576 ipse
1489 4519 1559 4569 suns,
1578 4503 1685 4574 palpate
1706 4513 1735 4560 et
1752 4505 1796 4560 ri-

1007 4608 1016 4642 ι
1034 4592 1106 4658 dete,
1118 4593 1182 4663 quia
1196 4592 1308 4663 spiritns
1326 4609 1436 4650 carnem
1452 4604 1479 4650 et
1493 4611 1554 4651 ossa
1570 4611 1624 4652 nou
1646 4595 1744 4663 babet,
1759 4597 1797 4653 si

1006 4702 1015 4736 s
1034 4694 1081 4740 cut
1097 4701 1141 4741 me
1160 4686 1257 4741 vidctis
1276 4687 1387 4742 habere.
1408 4687 1442 4742 Et
1457 4704 1518 4742 curn
1541 4687 1597 4743 brec
1614 4687 1738 4754 dixisset,
1750 4703 1797 4744 os·

1006 4794 1015 4826 ι
1035 4775 1119 4831 tendit
1136 4776 1176 4832 cis
1198 4792 1294 4833 manos
1309 4787 1336 4833 ct
1351 4779 1445 4848 pedes.
1458 4777 1554 4832 Adhuc
1566 4785 1657 4833 autem
1672 4777 1726 4836 illis
1738 4793 1795 4834 uon

1006 4883 1015 4914 s
1033 4865 1206 4923 credentibus
1218 4876 1246 4921 ει
1261 4868 1421 4924 rnirantibus
1440 4883 1497 4938 prce
1518 4868 1615 4939 gaudio
1634 4866 1703 4923 dixit
1717 4886 1724 4921 :
1740 4867 1796 4923 lla-

1005 4975 1014 5006 s
1032 4955 1102 5012 belis
1113 4957 1158 5012 bic
1171 4958 1273 5030 aliquid
1287 4961 1358 5030 quod
1377 4960 1570 5015 nrarrducctur?
1581 4960 1617 5014 ,tt
1636 4957 1674 5014 illi
1687 4958 1796 5016 obtule-

1004 5064 1013 5097 ι
1032 5054 1095 5101 runt
1107 5047 1131 5102 ei
1144 5057 1249 5120 portem
1265 5051 1347 5121 piscis
1359 5050 1414 5106 assi
1426 5059 1454 5106 ει
1467 5049 1558 5107 iarum
1572 5051 1670 5108 mellis.
1684 5049 1720 5107 m
1730 5067 1795 5108 curn

1004 5155 1013 5189 ι
1032 5140 1221 5196 manducasset
1242 5156 1335 5198 coram
1358 5143 1414 5208 eis,
1436 5159 1545 5199 sumens
1568 5142 1696 5215 reliquias
1719 5143 1797 5200 dedit

1003 5252 1013 5285 s
1031 5234 1083 5298 cis,
1096 5241 1124 5288 et
1141 5232 1209 5288 dixit
1223 5233 1257 5287 ud
1271 5248 1337 5289 eos:
1353 5232 1416 5290 llaec
1430 5242 1494 5290 sunt
1509 5234 1592 5290 rerba
1606 5249 1667 5305 quse
1684 5232 1796 5290 locutus

1004 5342 1013 5376 s
1032 5340 1091 5380 sum
1105 5323 1138 5378 ad
1152 5340 1200 5379 ros
1214 5340 1275 5378 cum
1289 5325 1377 5380 adbuc
1389 5340 1478 5380 essem
1490 5313 1647 5390 uobiscum,
1662 5325 1793 5395 quoniam

1004 5431 1142 5473 successe
1164 5424 1206 5472 est
1231 5416 1336 5488 impleri
1359 5417 1450 5473 omnia
1474 5432 1534 5488 quae
1558 5415 1658 5487 scripta
1679 5425 1743 5472 suut
1764 5417 1794 5472 in

1004 5529 1013 5562 s
1033 5511 1091 5587 lege
1113 5511 1197 5584 lloysi
1217 5520 1244 5567 et
1258 5512 1396 5582 propbctis
1416 5521 1443 5567 et
1463 5512 1576 5582 psalmis
1596 5512 1630 5567 dc
1649 5528 1702 5568 me.
1716 5509 1796 5591 Tune

1005 5604 1137 5674 «aperuit
1162 5603 1214 5658 illis
1232 5619 1350 5668 sensnm,
1373 5612 1403 5658 ul
1420 5603 1602 5674 intelligerent
1625 5601 1793 5673 Scripturas.

1006 5714 1013 5744 ι
1035 5696 1067 5750 Ει
1083 5696 1149 5749 dixit
1171 5695 1209 5750 cis
1227 5711 1233 5748 :
1252 5697 1382 5763 errmiam
1407 5697 1446 5751 sic
1470 5696 1600 5765 scripturn
1621 5703 1728 5778 cst,·,et
1752 5695 1796 5752 sie
