3810 6120
125 407 194 462 idtib

694 377 699 390 ¹
765 389 793 442 S.
816 384 940 443 Lautus
958 384 1058 440 PAPAE
1079 386 1111 440 ΙΙΙ

1686 389 1760 445 toto

126 526 307 576 urrenstresam
321 507 476 579 impostoris
493 505 665 576 Eutyclretis,
678 511 705 557 et
717 501 837 556 Dioscuri
850 513 913 553 con·
927 499 952 560 A
964 499 1059 568 τυχίαν
1084 496 1237 569 [citatim]
1262 501 1301 553 καὶ
1328 500 1466 573 Διοσκόρω
1492 505 1628 570 σύγχυσις
1652 524 1680 558 σι
1712 509 1760 562 ω

127 609 260 664 fusionem
287 600 521 657 concretionemve
548 595 641 666 procui
656 595 720 650 hinc
735 590 913 663 ablegamus),

128 696 161 761 stt
172 701 201 747 ut
214 707 296 747 uuum
312 688 489 758 eumdemque
502 686 679 742 confiteamur
691 691 812 738 creatum
832 687 860 735 et
874 681 915 733 in-

127 791 260 849 creatum,
281 790 411 838 veternum
432 789 459 833 et
482 787 702 846 temporaneum,
728 773 866 829 coelestem
886 781 913 826 et

128 888 279 942 terrenum,
293 873 527 942 circumscriptum
541 878 568 925 ct
579 867 854 935 incircumscriptum,
868 876 916 933 pa·

128 967 232 1021 tibilem
246 973 272 1018 et
285 961 469 1033 impatibilem,
482 960 541 1014 siue
555 967 641 1012 matre
655 964 682 1010 et
693 955 753 1009 sine
764 962 841 1024 patre
855 970 861 1005 :
875 952 916 1005 al·

128 1066 215 1110 terum
226 1053 334 1124 quidem
346 1060 456 1121 propter
468 1046 640 1111 incitabiienr,
652 1055 788 1108 artemam,
799 1050 826 1097 et
837 1055 919 1098 omne

130 1147 258 1202 smculum
280 1144 483 1200 antecedentem
502 1157 535 1197 en
558 1140 639 1194 Patre
652 1138 832 1202 nativitatem,
850 1135 918 1190 alte·

130 1251 188 1290 rum
205 1250 269 1289 vero
288 1226 398 1304 propter
415 1248 541 1287 arcanam
564 1228 919 1299 incomprehensibilemque

129 1344 191 1383 eum
210 1335 301 1381 nostra
316 1333 412 1380 naurra
428 1325 570 1387 uuiouem;
584 1324 650 1377 ditas
665 1321 737 1374 enim
753 1320 836 1389 ipsius
849 1319 919 1372 nati·

130 1418 241 1481 vitales,
256 1431 362 1470 onrnmn
375 1429 484 1469 sensum
494 1424 655 1482 omnemque
667 1408 830 1465 intellectum
843 1422 920 1462 exce·

130 1509 225 1562 dentes
248 1505 443 1575 agnoscimus:
471 1503 622 1573 ttnigenitus
643 1497 920 1560 cnimFillus,camiu

131 1596 216 1652 torma
228 1598 275 1651 ilci
288 1612 320 1650 ae
330 1597 356 1648 iu
371 1595 442 1658 sinu,
454 1594 504 1657 troc
515 1600 566 1657 est,
581 1592 641 1646 usia
652 1591 742 1644 Patris
752 1599 834 1652 esset,
845 1596 873 1643 et
886 1587 920 1642 ab

130 1693 231 1739 aeterno
248 1700 281 1738 ex
299 1685 358 1753 ipso
372 1683 507 1745 eluceret,
528 1680 578 1735 sub
597 1679 755 1734 saecvrlonrm
775 1676 856 1731 duem
874 1691 919 1732 se·

131 1776 274 1844 metipsum
289 1774 447 1834 exinanivit.
463 1771 640 1841 servilemque
659 1769 783 1834 sormam,
800 1769 852 1823 boc
865 1774 918 1833 est,

130 1872 251 1919 nostram
271 1864 448 1919 substantiam
460 1862 587 1931 suscepit.

165 1952 235 2009 Unio
247 1955 337 2022 ltaquc
351 1951 378 2006 in
391 1951 500 2006 Christo
515 1945 664 2005 secundum
677 1947 835 2018 hypostasin
846 1946 918 2002 atiud

129 2040 248 2097 adalind
261 2040 394 2112 arljuugit,
414 2050 478 2110 putu
500 2037 608 2093 visibile
626 2037 660 2093 ad
689 2035 834 2100 invisibile,
848 2036 919 2104 pati·

129 2129 183 2185 hile
206 2129 240 2184 ad
269 2129 428 2201 impatibile,
444 2137 597 2198 caeteraque
617 2141 650 2181 en
676 2126 777 2195 ortibus
795 2123 920 2179 Salvator

130 2223 316 2288 constituitur,
331 2237 384 2277 nou
406 2229 496 2275 tamen
512 2219 594 2274 alium
619 2226 646 2273 et
660 2218 743 2272 alium
766 2215 917 2280 constituit,

130 2313 210 2366 absit.
235 2310 323 2369 Unum
338 2327 454 2382 namque
471 2312 648 2379 camdemque
669 2309 754 2364 Deum
768 2306 919 2378 periectum

133 2408 161 2455 ct
183 2401 318 2456 bominem
347 2401 439 2455 itidem
466 2399 614 2471 perlectum
651 2397 821 2453 coulltemur.
851 2395 918 2450 Nam

134 2492 186 2547 etsi
216 2500 373 2546 naturarum
401 2491 579 2546 differentiam
614 2489 723 2544 Christo
751 2488 918 2552 tribuimus,

131 2597 215 2637 tritum
230 2589 322 2636 tamen
337 2581 516 2649 eumdemque
533 2580 615 2634 etiarn
633 2586 694 2649 post
707 2576 920 2632 incarnationem

131 2672 312 2743 agnoscimus,
331 2679 359 2726 ct
373 2685 427 2740 quo
440 2669 554 2725 stolidus
567 2669 708 2723 Nestorius
724 2682 739 2720 a
754 2664 853 2720 divinis
875 2677 920 2719 ee-

132 2762 185 2831 ptis
210 2761 334 2824 hrccssat,
354 2769 463 2830 propter
482 2768 640 2812 naturarum
661 2756 694 2809 ad
722 2754 917 2826 hypostaticam

132 2851 257 2904 unionem
282 2851 435 2906 cocuntium
455 2849 649 2909 diversitatem,
676 2861 728 2902 nou
755 2847 822 2900 duos
838 2844 918 2909 idios,

131 2953 177 2998 aut
199 2942 355 2996 dualitatem
370 2940 504 2993 ·iiliontm
529 2937 698 3000 inducimuS,
714 2951 808 2993 omues
829 2943 919 2989 autem

126 3035 232 3091 Christi
254 3033 384 3095 actiones,
405 3043 465 3099 quac
478 3029 571 3095 utique
586 3025 761 3089 theandricae,
788 3026 839 3080 boc
866 3031 918 3088 est,

131 3127 178 3181 liei
194 3123 275 3179 siuml
289 3131 316 3176 ct
328 3120 456 3183 bominis,
471 3125 560 3181 erant,
573 3116 620 3170 uni
632 3116 784 3170 tribuimus.
801 3115 869 3168 Nara
890 3121 920 3168 ut

963 592 1146 648 Μοντίωσις·
1162 591 1275 644 terrain
1287 594 1331 644 τ’,ν
1352 592 1429 644 atria
1453 592 1555 644 κτιστύν
1576 594 1617 645 καὶ
1631 589 1758 649 ἄπτωτον

963 675 1139 749 ὅμολογούμιν,
1154 679 1302 751 προνώνιύν
1323 700 1351 737 τι
1376 684 1420 733 καὶ
1441 682 1619 754 ύπὲρχρονον,
1636 685 1758 756 ούρὰνιύν

964 785 992 820 τε
1017 767 1061 820 itai
1085 768 1210 838 inipetu-r,
1234 769 1407 845 nrptppanriv
1431 791 1459 824 τε
1484 773 1526 824 οιαὶ
1546 773 1755 845 ἁπερὶγριτετον,

964 855 1073 914 raseris
1089 861 1173 911 τεκαὶ
1195 859 1289 922 ἀπαθεῖ.
1311 863 1429 935 ἃμύτοριι
1449 865 1494 915 καὶ
1514 864 1644 934 ἀπάτορα.
1657 866 1689 918 τὸ
1710 869 1757 937 μὲν

964 944 1007 1001 ini
1032 953 1077 1006 suiv
1097 945 1229 1021 ἆρ’ῥητον,
1259 954 1301 1004 καὶ
1324 949 1456 1026 ἄναρχον,
1481 955 1522 1006 aad
1550 958 1703 1028 κροαιύινεον
1729 957 1756 1010 εἰι

966 1040 1063 1113 Πατρύς
1080 1043 1203 1113 γέννησιν,
1225 1043 1254 1097 τύ
1268 1041 1294 1097 di
1319 1041 1362 1098 διὰ
1386 1050 1430 1101 τὴν
1450 1047 1575 1115 καθ’ἠμᾶς
1599 1051 1707 1121 ιιρνρίαν
1728 1070 1754 1103 τε

965 1134 1007 1185 ιιιιὶ
1025 1132 1187 1204 impatimur
1210 1133 1311 1194 ἱνωσιν,
1327 1136 1368 1188 καὶ
1390 1130 1436 1188 δύο
1456 1135 1534 1187 αὐτοῦ
1560 1136 1604 1195 τὰς
1625 1142 1757 1207 γεννήσεις

966 1223 1134 1299 κηρύσσομεν,
1155 1225 1365 1289 αἰιιοιταλύστους,
1379 1230 1422 1279 ani
1435 1227 1501 1299 ὑπὲρ
1512 1227 1584 1298 λόγον
1606 1234 1756 1300 τνγχοτνού·

966 1328 1025 1373 σοις·
1050 1312 1126 1388 ὁγὰρ
1146 1315 1171 1367 ἓν
1190 1323 1270 1391 μορφῇ
1288 1322 1351 1371 Θεοῦ
1376 1316 1507 1392 ὑπάρχων
1528 1325 1663 1389 μονογενὴς
1688 1323 1754 1386 Υἱὸς,

965 1401 982 1457 ὖ
1004 1399 1038 1456 ὃν
1056 1403 1081 1456 iv
1101 1411 1158 1464 τοῖς
1172 1404 1273 1466 triticeae
1284 1411 1331 1460 τοῦ
1346 1408 1453 1479 limpha,
1467 1411 1599 1464 τουτέστιν
1615 1410 1666 1464 ι’νὲν
1682 1416 1756 1486 orinia

966 1501 1013 1550 τοῦ
1032 1495 1127 1570 harpiis
1149 1500 1298 1571 προαιῶνιος
1321 1500 1439 1563 ι’ξεεύτοῦ
1461 1499 1609 1570 tutandae,
1624 1505 1667 1557 ι’ττὶ
1689 1525 1754 1559 σνν·

966 1586 1049 1659 τελείᾳ
1069 1595 1118 1641 τῶν
1139 1590 1245 1648 ιιὶύινοιν,
1262 1589 1350 1643 intutis
1367 1592 1496 1655 ιιειιὲνωιιε,
1510 1595 1551 1644 κατ’
1563 1597 1608 1650 τὴν
1627 1601 1673 1647 τού
1695 1594 1754 1650 δνύ·

967 1677 1012 1731 λου
1025 1682 1119 1753 μορριίν
1130 1679 1265 1746 indatur,
1277 1678 1291 1733 ὅ
1304 1683 1417 1740 terteris
1431 1682 1553 1753 ύμττὲραν
1566 1684 1664 1738 οὐσίαν.

1004 1943 1031 1988 'tt
1051 1935 1075 1987 ἐν
1096 1943 1199 2008 Χριστῷ
1220 1931 1265 1992 οὖν
1283 1938 1488 1995 καθ’ύτεύστοισιν
1511 1947 1616 2011 hante,
1631 1941 1690 2000 itis
1709 1951 1754 2018 μὲν

969 2024 1033 2096 πρὸς
1049 2022 1109 2079 tito
1127 2028 1202 2091 τάὶξ
1222 2025 1258 2083 ὧν
1279 2028 1292 2083 i
1318 2035 1420 2097 Σωτήρ,
1442 2033 1562 2104 navitam·
1588 2031 1636 2089 οἷον
1661 2034 1693 2094 ii
1728 2038 1756 2089 τὸ

969 2115 1075 2189 ἀόρατον
1090 2120 1133 2171 καὶ
1148 2119 1284 2192 ὁρὼμονον,
1295 2122 1406 2179 παθητὸν
1417 2124 1459 2175 καὶ
1471 2124 1608 2196 ἀκήρατον,
1626 2127 1671 2180 ούκ
1683 2125 1754 2182 ἄυλον

969 2202 996 2261 δι’
1010 2210 1053 2263 καὶ
1069 2205 1194 2282 ἅλλον,μύ
1210 2213 1316 2282 piretro.
1340 2213 1399 2266 Θιίιν
1414 2216 1456 2268 τὸν
1471 2217 1546 2270 αύτύν
1565 2217 1659 2272 aristas
1680 2219 1755 2278 ἀληθῆ

969 2299 1011 2351 ναὶ
1033 2293 1165 2372 ἄνθρωπον
1191 2301 1284 2355 τέλειον
1308 2301 1486 2376 ὁμολογοῖμεν.
1511 2308 1545 2359 Τὸ
1567 2305 1688 2382 διάφορον
1710 2318 1757 2364 τῶν

969 2388 1068 2457 φύσεων
1086 2391 1281 2462 προσνέμοντες,
1301 2392 1345 2446 iva
1366 2394 1466 2451 καὶτὸν
1487 2396 1562 2450 αὐτὸν
1579 2399 1754 2467 γονύισκοντεε,

969 2480 1009 2532 nti
1020 2481 1087 2549 μετὰ
1102 2484 1145 2538 τὴν
1163 2483 1301 2557 σοίρκωσιν,
1321 2486 1365 2537 οὐκ
1379 2488 1417 2545 εἰς
1432 2482 1515 2539 δυάδα
1527 2486 1587 2539 υἱῶν
1601 2491 1755 2559 μερίζοντες.

969 2567 1059 2625 διὰτὸ
1082 2571 1192 2645 ε’τεροῐον
1221 2581 1271 2630 τῶν
1293 2573 1497 2647 arripennem
1516 2579 1558 2630 ini
1582 2587 1612 2652 τῇ
1628 2580 1684 2632 καθ’
1695 2580 1756 2635 rini-

969 2681 1061 2714 στασιν
1085 2661 1170 2716 τ’νὼσιι
1194 2665 1302 2735 ρύσεων,
1330 2667 1371 2719 ἵνα
1398 2664 1475 2740 ilarii
1497 2675 1542 2727 τῆς
1561 2669 1630 2726 θείας
1652 2671 1756 2730 οιύλτῑςύ

969 2755 1108 2826 παράρρων
1121 2757 1268 2825 Νεστόριος,
1283 2758 1365 2812 πάντα
1380 2757 1407 2811 ii
1418 2761 1449 2813 τοὶ
1463 2761 1669 2834 visitatationis
1682 2767 1756 2817 οὔτ’»)

968 2842 1094 2914 ε’νιργιὶας
1113 2844 1301 2902 servittem.
1317 2853 1357 2907 Ὠς
1374 2849 1422 2921 γὰρ
1444 2851 1505 2909 θεὸς
1518 2855 1615 2924 ἐνήργει
1638 2856 1672 2906 τοὶ
1693 2856 1756 2913 driu,

970 2928 1092 2989 διἀύτῶυ
1106 2938 1152 2995 τὰς
1164 2936 1317 3007 θεοσσμείας
1331 2941 1373 2993 καὶ
1392 2940 1424 2994 τὰ
1443 2941 1560 3012 θαύματα
1582 2944 1756 3017 ε’ργαζύμινος,

970 3024 1005 3084 ὡς
1018 3021 1149 3098 ἅνθρωπος
1162 3025 1200 3093 δι’,
1214 3027 1228 3084 ὁ
1243 3032 1316 3092 αὐτὸς
1330 3033 1363 3086 τύ
1376 3034 1443 3090 nain
1464 3037 1505 3087 καὶ
1523 3037 1570 3095 τὰς
1585 3035 1674 3110 ύόριες
1688 3039 1758 3091 iucu-

969 3118 1032 3174 σίως
1047 3116 1205 3179 καττδύῖατο.
1221 3123 1266 3175 Διά
1280 3129 1355 3176 τοῦτο
1369 3124 1433 3193 μετὰ
1446 3132 1496 3178 τῶν
1511 3124 1557 3180 δύο
1579 3129 1683 3198 ρύσεων
1698 3132 1758 3183 σίιτο·

135 3216 207 3269 licus
220 3221 289 3277 erat,
308 3211 403 3266 edebat
420 3223 501 3278 opera
524 3207 624 3270 divina,
641 3206 715 3275 signa
744 3204 873 3258 nimirum
896 3195 1067 3266 ctCladtac
1093 3212 1136 3262 καὶ
1162 3211 1314 3281 ἀναγκαίως,
1342 3215 1489 3286 ἰσαρίθμους
1512 3218 1553 3270 καὶ
1580 3219 1629 3278 τὰς
1654 3224 1760 3288 perui,-

132 3306 262 3363 miracula
280 3322 286 3358 :
305 3312 336 3358 ut
350 3312 441 3358 autem
469 3302 549 3355 homo
565 3301 636 3355 idem
652 3300 709 3370 ipse
723 3306 817 3368 sponte
845 3297 920 3352 subi·
971 3294 1052 3350 αὐτοῦ
1073 3298 1195 3371 ε’νιργιὶιο
1209 3298 1318 3367 δοξάζω,
1334 3301 1517 3364 ὡςδσλωτικὰι
1536 3308 1580 3363 καὶ
1597 3313 1761 3370 συστατικὸς

131 3399 178 3453 bat
192 3397 342 3467 passiones,
361 3392 566 3460 sustinebatque
580 3390 679 3460 probra
693 3397 720 3443 et
734 3388 920 3444 contumelias.
970 3389 1119 3446 αὐτῶντῶν
1141 3393 1230 3450 οὐσιῶν
1252 3393 1330 3465 ἤγουν
1351 3398 1460 3466 φύσιν-ι,
1474 3398 1540 3452 rari
1565 3399 1610 3457 τὰς
1632 3401 1761 3461 horreas,-

131 3488 209 3544 Unde
221 3503 282 3542 cum
302 3487 405 3542 duabus
423 3483 527 3537 naturis
544 3489 735 3545 consentanee,
765 3481 818 3534 imo
830 3494 923 3534 neces-
971 3481 1015 3534 rui
1029 3481 1176 3554 inerpertis
1186 3491 1235 3538 τῶν
1248 3486 1371 3558 θεοσόριιν
1384 3487 1759 3564 θμῶνπατέρωνσαραδόσιις.

130 3579 214 3641 νειοῖο,
229 3577 306 3646 juata
318 3576 377 3646 pias
389 3575 548 3641 divinasque
572 3573 722 3625 divinorum
746 3579 852 3639 patrum
873 3585 922 3624 no·
972 3570 1104 3631 ιΩσιιύτιιε
1117 3576 1160 3628 καὶ
1173 3571 1220 3626 δύο
1233 3575 1343 3636 tridens
1359 3576 1436 3648 ripam
1454 3577 1582 3647 θτνομασιι
1599 3580 1698 3650 parari
1715 3586 1761 3634 wo

131 3676 249 3722 strorum
263 3665 432 3726 traditiones,
457 3662 525 3714 duas
536 3674 645 3728 quoque
658 3659 796 3713 naturales
821 3673 920 3728 opera·
971 3664 1051 3720 αὐτοῦ
1064 3665 1118 3727 ieie
1133 3671 1223 3744 κυρίου
1238 3673 1280 3725 καὶ
1295 3677 1358 3727 Θισῡ
1371 3673 1439 3742 ἡμῶν
1452 3670 1535 3728 Ἰασοῦ
1550 3679 1666 3737 Χριστοῦ
1679 3693 1760 3727 που.

132 3758 218 3811 tioucs
232 3753 446 3824 illiusgloritica,
460 3750 579 3819 ipsamm
595 3748 796 3817 quodammodo
812 3757 921 3803 natura·
972 3755 1049 3810 θεύω.
1072 3758 1204 3815 enimenin
1224 3761 1274 3833 γὰρ
1291 3762 1365 3815 αὑτὸν
1385 3763 1499 3831 γινώσκοι
1520 3760 1578 3815 καθ’
1597 3728 1761 3837 ἕτερον’τῶν

132 3864 192 3903 rum
211 3855 238 3903 ct
252 3844 464 3901 substantiarum
483 3840 586 3896 iudices
608 3850 690 3909 atque
707 3840 918 3897 constitutrices.
971 3847 1080 3916 ρύσιιιν,
1096 3849 1121 3912 ἐξ
1137 3847 1170 3901 ὧν
1190 3854 1231 3904 ναὶ
1249 3851 1273 3903 ἐν
1289 3846 1328 3910 αἶα
1341 3851 1456 3924 ὑπάρχοι
1479 3852 1523 3904 καὶ
1546 3859 1657 3906 νοεῖται·
1672 3853 1761 3924 &erip

131 3939 194 3994 l'ari
211 3939 292 3992 modo
307 3946 334 3993 et
349 3936 417 3991 duras
433 3949 538 4005 quoque
551 3931 688 3987 naturales
699 3931 922 4001 uninsejusdcm·
970 3937 1117 4008 ἐνεργοῦντα
1128 3939 1195 3996 οὕτω
1210 3943 1251 3996 καὶ
1268 3941 1375 3997 θέλοντα·
1392 3942 1435 3996 iri
1449 3941 1479 3995 τὸ
1493 3943 1572 4002 πάθος
1586 3940 1615 3997 δέ
1629 3943 1659 3998 τὸ
1674 3948 1761 4002 ως.

133 4045 187 4100 quc
211 4028 259 4082 [tet
282 4036 309 4083 et
340 4024 543 4081 Domininostri
567 4022 631 4078 lesu
659 4022 757 4077 Christi
770 4022 921 4077 voluntates
970 4025 1160 4096 proviraoniac
1175 4028 1287 4087 ἐλθόντα.

130 4135 255 4174 veneror.
272 4118 340 4172 dam
364 4118 440 4187 juxta
454 4125 598 4183 utramque
612 4121 749 4176 naturam,
774 4126 806 4167 ex
822 4112 920 4180 quibus

130 4217 159 4264 ct
172 4209 197 4263 in
213 4207 311 4278 qutihus
322 4206 415 4260 existit
431 4211 458 4258 et
478 4203 648 4274 intelligitur,
666 4200 812 4256 uoluntatis
836 4200 907 4255 iacal

45 4299 48 4304 ’
131 4309 216 4353 tatem
229 4300 254 4352 ei
279 4297 442 4352 tribuimus:
456 4303 486 4349 ut
499 4294 571 4347 euim
602 4299 731 4361 operatur
753 4291 920 4359 salutarique

130 4387 249 4460 passioni
268 4387 339 4440 ultro
355 4398 414 4439 sese
432 4384 550 4460 exponit,
566 4382 601 4435 ita
617 4392 644 4435 et
660 4381 718 4435 vult
731 4392 847 4449 quicque,

166 4480 253 4536 Credo
270 4494 376 4534 rursum
394 4477 467 4533 illum
482 4477 569 4547 ipsum
593 4475 752 4530 cruritixum
779 4489 849 4538 csse,
864 4488 918 4528 uou
1005 4475 1118 4528 πιστεύω
1138 4474 1213 4529 αὑτὸν
1235 4474 1470 4549 cremationem
1498 4472 1701 4546 ἑνῇδιανὰμτει
1717 4475 1767 4528 σ’νν

131 4572 238 4636 quidem
250 4572 276 4625 in
292 4585 323 4623 eu
334 4578 429 4623 natura
446 4569 472 4621 in
486 4581 538 4635 qiua
558 4581 620 4621 curn
635 4565 715 4620 Patre
732 4565 803 4620 lucet
830 4573 857 4620 et
880 4580 921 4619 rc-
932 4534 960 4594 D
971 4571 1008 4632 τῷ
1020 4568 1098 4635 ιιατρὶ
1112 4566 1194 4638 αναίρ-
1211 4569 1233 4619 ιι’
1251 4568 1293 4618 καὶ
1305 4565 1347 4619 τὸν
1361 4567 1450 4639 κύριον
1469 4572 1515 4622 τῆς
1533 4563 1608 4629 iiia,-
1631 4569 1757 4638 ὲσταυροι

132 4668 196 4730 gunt
207 4660 269 4730 (etsi
287 4661 378 4731 plurim
391 4658 520 4714 hominus
535 4664 647 4726 propter
660 4656 818 4709 idiomatum
845 4669 921 4709 oom-
972 4657 1029 4707 σθαι
1043 4655 1139 4724 λέγεται
1155 4650 1318 4729 [γέγραπται]
1330 4661 1365 4723 τῷ
1379 4654 1444 4724 hipp
1458 4662 1504 4714 τῆς
1515 4653 1681 4716 ἀντιδόσεως·
1703 4654 1765 4708 titt

132 4749 342 4803 tuunieationem
368 4747 518 4804 crucifixus
544 4745 671 4815 dicatur),
698 4746 745 4800 sed
766 4745 794 4800 iu
811 4752 920 4808 natura,
971 4751 1002 4815 τῇ
1017 4745 1069 4797 καθ’
1078 4747 1144 4814 ἡμᾶς
1155 4750 1216 4817 γιρᾷ
1229 4741 1330 4815 Ῑγισρᾷ]
1339 4746 1423 4814 φύσει,
1438 4745 1491 4797 καθ’
1502 4745 1530 4802 in
1543 4746 1571 4798 τὸ
1587 4747 1678 4813 χοεκον
1693 4748 1766 4814 ἡμῶν

132 4837 247 4899 horest,
274 4847 393 4902 terrena,
418 4836 569 4893 secandum
588 4849 669 4904 (ιοοιιι
692 4841 848 4887 terrestrem
870 4847 921 4887 no·
971 4833 1073 4885 ἁνιλαθι
1101 4834 1220 4906 φύραμα,
1236 4835 1278 4886 καὶ
1298 4834 1397 4903 κατάρα
1418 4833 1484 4908 trip
1501 4836 1570 4905 ἡμῶν
1590 4836 1710 4905 γέγοναν,
1725 4837 1765 4887 ἱνα

133 4932 217 4978 strum
249 4941 366 4979 massam
381 4926 513 4995 suscepit,
537 4933 566 4979 et
591 4922 679 4977 taetris
693 4929 736 4976 est
749 4919 921 4976 maledictum
971 4931 1016 4983 τοι
1039 4920 1192 4998 παρ’ἑαυτῷ
1211 4924 1326 4996 ιῐνλσγίατ
1346 4927 1474 4985 κοινωνοὺς
1488 4927 1555 4997 ἡμᾶς
1576 4923 1708 4988 ὰναδιίξο,
1725 4930 1765 4979 καί

132 5023 243 5086 propter
267 5026 379 5084 peccata
406 5027 576 5086 nostraquo
589 5030 645 5070 susc
663 5029 714 5069 nos
727 5012 922 5068 benedictionis
970 5016 1012 5067 τὸν
1035 5021 1085 5066 τῶν
1110 5016 1254 5090 κακοΰργων
1272 5017 1337 5068 κατὰ
1359 5020 1405 5072 τήν
1431 5019 1516 5088 σαρκο
1543 5015 1672 5085 ἠνέσχετο
1699 5017 1764 5068 ὑπο·

134 5107 237 5161 iaceiet
250 5121 311 5160 esse
327 5109 485 5177 participes;
498 5118 525 5163 et
544 5109 635 5163 carnis
649 5115 764 5162 mortem
777 5103 811 5158 ab
825 5103 923 5173 implo-
970 5110 1051 5173 μεῖναι
1068 5100 1182 5159 θνῖνοιτῑν.
1196 5103 1236 5156 ἶνα
1256 5105 1286 5157 τὸ
1306 5110 1351 5158 τού
1373 5107 1480 5158 θανάτου
1496 5105 1606 5178 κε’ντρον.
1619 5110 1665 5164 τὴν
1681 5105 1764 5182 ιἐμαρ·

133 5199 175 5253 itis
199 5199 299 5253 illatam
323 5198 461 5267 patienter
488 5200 627 5262 sustinuit,
640 5213 694 5267 quo
716 5194 921 5253 mortisstimu-
971 5193 1025 5245 τίαν
1045 5194 1179 5264 κατακρίνρ
1201 5193 1225 5243 ὲν
1245 5200 1276 5264 τῇ
1300 5195 1377 5266 σαρκὶ
1391 5197 1482 5259 αὐτοῦ,
1494 5197 1535 5247 καὶ
1554 5200 1709 5269 καταργήσῃ
1722 5199 1764 5249 τὸν

134 5289 200 5350 Ιιιιιι,
217 5291 244 5344 id
260 5299 301 5344 est
316 5297 455 5358 peccatum
480 5289 506 5341 iu
519 5303 601 5343 carne
612 5305 659 5344 sua
677 5289 879 5351 condemnaret,
895 5291 923 5338 et
972 5282 1001 5335 τὸ
1018 5283 1112 5355 κράτος
1127 5281 1223 5352 ἔχοντα
1237 5289 1283 5338 τοῦ
1298 5286 1421 5345 θανάτου,
1437 5287 1554 5341 τουτέστι
1568 5289 1612 5340 τὶν
1635 5285 1761 5341 britcio-t.

132 5382 286 5437 destmeret
310 5397 372 5436 eum
387 5381 433 5451 qui
452 5379 549 5433 mortis
569 5379 685 5433 hahebat
701 5380 855 5449 imperium,
871 5377 923 5430 hoc
971 5383 1041 5448 ταρρ
1053 5373 1079 5428 tt
1097 5373 1236 5446 παραδοθὲν
1249 5377 1329 5430 αὐτοῦ
1350 5377 1379 5430 τὸ
1395 5384 1470 5447 σῶμα
1490 5373 1617 5450 ἅρθαρτον
1642 5375 1762 5449 διατηρο-

132 5481 175 5526 est
186 5474 332 5529 diabolum.
345 5472 433 5530 Credo
445 5485 631 5541 ettrpussuum
652 5471 800 5539 sepulturae
814 5479 922 5526 contra·
973 5484 1053 5520 σαντα
1067 5462 1189 5538 μηδαμῶς
1202 5474 1248 5527 τῆς
1271 5467 1416 5542 ἀπορρήτου
1435 5470 1476 5520 καὶ
1500 5469 1676 5543 ἁνινρράστοο
1700 5467 1762 5523 irai·

134 5561 230 5626 ditum,
242 5561 427 5631 itrcnrmptum
441 5575 630 5623 conseruasse,
645 5559 717 5615 uallo
740 5561 849 5629 atridem
864 5574 921 5614 uto-
973 5557 1042 5630 ριθὲν
1063 5557 1184 5616 ἐνόοεοις·
1208 5559 1230 5612 ri
1252 5562 1292 5612 καὶ
1314 5567 1359 5620 τῆς
1378 5559 1476 5631 νομικῆς
1499 5561 1579 5613 αὐτοῦ
1605 5563 1651 5612 καί
1674 5564 1762 5632 νοερᾶς

134 5648 168 5699 tio
183 5651 216 5703 ab
233 5669 332 5707 arcuna
349 5652 393 5706 illa
409 5651 643 5722 itrerplicabilique
655 5650 753 5704 uttirmc
773 5650 919 5714 divulsum,
974 5645 1062 5716 ψυχῆς
1084 5647 1215 5719 ἐχωρίσθη
1235 5649 1260 5701 ἐν
1278 5657 1314 5719 τῷ
1335 5650 1462 5722 τριημέριρ
1485 5647 1654 5720 διαστήματι·
1670 5647 1760 5720 padi.-

136 5739 186 5793 rtsi
195 5739 259 5796 iliud
271 5745 350 5798 tridui
364 5745 409 5800 illo
420 5742 560 5799 intervallo
571 5742 659 5798 ultima
670 5740 748 5796 luerit
760 5740 918 5811 spoliaturum
973 5740 1046 5800 uiris
1071 5741 1110 5793 καὶ
1136 5743 1172 5799 οἱς
1201 5738 1263 5810 ᾆδον
1292 5741 1511 5811 καταθὲθηκτ,καῑ
1538 5751 1591 5802 τοῖς
1615 5743 1640 5795 ἐν
1665 5743 1760 5816 pulsai
