3810 6120
125 253 183 313 aba
648 239 826 297 coalitum.
847 238 881 293 tu·
900 237 980 292 uto.
1001 238 1030 302 S,
1049 233 1239 292 uouentem.
1710 231 1763 287 etti

129 367 217 427 mmor
227 361 279 417 iste
294 360 396 431 gradus
408 354 473 414 exin
488 355 631 430 dignitate,
648 363 676 410 et
691 354 719 408 in
730 351 826 409 ordine
839 351 917 421 poni·
932 356 955 414 A
971 358 1103 405 temnunt.
1116 349 1200 405 Deam
1214 348 1287 404 enirn
1300 346 1426 403 raoneelil
1449 353 1637 411 contemnunt,
1652 349 1762 416 quando

131 468 177 519 tur
192 457 307 528 primns.
323 453 385 508 bico
398 452 502 522 primus
516 450 544 505 in
564 450 671 513 ordine,
686 448 749 518 quia
765 447 869 517 peintus
883 453 926 500 est
975 441 1069 498 abbati
1092 456 1142 497 suc
1163 439 1274 495 obedire
1300 445 1430 503 rcmmnt,
1442 446 1470 493 ct
1489 438 1558 493 dura
1578 437 1687 494 comice
1699 440 1768 495 resi·

131 549 161 605 in
184 543 360 617 cogitatione,
386 542 413 595 in
432 540 514 596 cordo
531 547 560 595 et
578 538 725 594 voluntate.
740 536 803 590 ldeo
823 535 926 604 primus
976 542 1059 589 stunt.
1078 535 1115 589 De
1128 534 1255 589 omnibus
1266 533 1339 588 enim
1357 549 1373 585 a
1388 547 1417 587 sc
1431 532 1521 587 missis
1545 532 1767 602 predicatoribus

130 637 214 695 estin
231 633 374 705 dignitate,
388 632 452 701 quia
470 646 484 684 a
500 629 616 684 Domino
643 627 739 697 incipit
762 626 867 680 timere.
887 623 926 677 Dc
976 622 1108 679 Dominus
1122 625 1181 677 ait:
1200 624 1252 688 Qni
1265 638 1308 675 cos
1329 623 1417 686 aedit,
1434 637 1475 674 me
1488 621 1585 685 ondit,·
1608 631 1632 676 el
1656 624 1701 693 qni
1722 640 1767 676 coo

132 728 231 783 timore
242 724 314 779 enim
330 722 515 791 scriptumest
532 738 538 773 ε
561 719 672 773 initium
691 717 828 787 sapientie
848 717 928 769 timor
975 715 1246 786 operriit,mespernit
1256 713 1333 786 (Lae.
1346 714 1385 785 x).
1399 713 1453 768 llos
1463 720 1553 768 autem
1564 723 1769 771 contemnentes

133 813 240 872 Donum
256 821 302 866 :et
315 811 394 864 timor
409 808 514 864 Domini
527 805 669 876 disciplina
680 806 826 877 sapientie.
839 803 928 857 Timor
978 804 1122 860 etabbatis
1134 803 1351 874 praeoptabam
1362 804 1552 874 despicientes,
1564 806 1768 876 rectcgchcmm

133 905 242 963 binim
252 901 350 974 odorio,
364 911 389 956 et
403 899 539 970 ploriatio,
550 909 574 952 et
588 898 724 963 intirimet
736 914 832 951 corono
842 895 929 951 ertal-
978 895 1013 951 de
1026 895 1146 966 peccatis
1158 894 1287 959 incendit,
1300 894 1428 965 quoniam
1442 896 1558 950 credere
1573 897 1734 966 potuissent,
1748 901 1770 953 si

131 993 242 1053 rodonia
256 1005 266 1043 .·
279 998 304 1045 cl
317 989 389 1045 dabit
405 988 526 1042 letitiam
542 997 567 1042 et
590 988 718 1058 pendium
739 989 767 1042 in
787 985 930 1058 lonpitadi·
980 985 1086 1040 Domini
1108 993 1136 1039 ct
1161 984 1267 1040 abbatis
1291 985 1332 1039 sui
1361 987 1504 1056 praeceptis
1526 986 1770 1058 obtemperassent.

131 1100 195 1141 neri
209 1081 315 1137 dieram
325 1078 422 1152 (Eceli.
433 1078 464 1150 r).
475 1077 539 1134 ttae
551 1079 642 1134 omnia
656 1080 771 1144 bona,et
781 1078 833 1132 alia
845 1078 929 1133 muita
979 1075 1064 1144 Quasi
1076 1077 1147 1131 onim
1161 1075 1231 1147 ignis
1245 1075 1328 1147 liqna,
1344 1076 1385 1131 sic
1410 1076 1534 1147 gebenna
1558 1077 1770 1135 inobedientium

137 1173 193 1231 illis
208 1173 291 1227 timor
302 1170 410 1225 Domini
423 1169 600 1235 ministrabit,
617 1168 664 1239 qui
678 1168 751 1223 ilium
766 1168 819 1224 sibi
831 1168 930 1238 ingiter
981 1171 1078 1242 recipit
1089 1178 1215 1241 peccata.
1229 1168 1263 1224 Et
1274 1170 1346 1225 sicut
1359 1170 1430 1242 iguis
1453 1170 1627 1227 succenditur
1636 1188 1670 1228 ex
1680 1172 1771 1245 lignis,

134 1271 203 1319 ante
221 1261 315 1318 ocrdm
327 1259 478 1332 posuerint,
492 1267 521 1312 et
543 1273 605 1313 cum
629 1259 710 1313 beato
722 1256 775 1313 iob
786 1258 928 1313 dixerint:
979 1263 1022 1318 eie
1034 1263 1160 1334 gebenna
1181 1277 1198 1316 a
1221 1270 1439 1333 contemptorum
1461 1263 1508 1318 Dei
1524 1265 1699 1321 succenditur
1709 1281 1774 1338 pec-

141 1348 225 1424 stadii
237 1364 366 1408 renitentes
376 1355 475 1417 dicerni
487 1368 566 1418 anper
579 1368 620 1407 rite
636 1356 737 1421 seiiiper
748 1352 824 1406 timei
837 1351 929 1406 Domi·
981 1353 1050 1408 cetis
1064 1370 1072 1405 ε
1085 1361 1116 1406 ut
1126 1366 1347 1422 unumquemque
1358 1352 1505 1407 samrndum
1514 1355 1693 1422 quantitatem
1708 1371 1773 1411 sun·

137 1444 215 1511 ean,
228 1454 252 1500 et
262 1448 366 1518 pondos
379 1445 436 1514 ejas
449 1444 580 1514 {errenon
593 1443 667 1514 potui
681 1441 743 1514 (iol
758 1443 844 1512 xxxa).
981 1456 1042 1496 rum
1053 1441 1158 1497 cruciet
1167 1441 1338 1497 delictorum.
1353 1440 1545 1511 Unusquisque
1559 1444 1633 1497 enim
1642 1454 1772 1513 quantum

174 1537 337 1593 Obliuionem
349 1536 454 1591 omnino
462 1536 559 1606 sapiat.
578 1535 646 1602 Quia
660 1535 688 1588 in
703 1550 757 1589 uuo
777 1534 867 1590 cordis
883 1534 932 1588 he·
982 1529 1114 1600 gehenne
1124 1529 1322 1584 ministraverit
1331 1536 1570 1600 peccata,tantu1u
1581 1532 1633 1586 sibi
1645 1534 1776 1603 gebennen

138 1631 325 1688 bitacuionon
338 1637 427 1700 potest
440 1628 571 1685 memoria
595 1628 738 1698 peniteret
753 1628 853 1684 obliuio
867 1629 931 1684 reti·
984 1620 1054 1690 lenis
1064 1621 1184 1676 incendii
1196 1620 1344 1676 flammam·
1355 1620 1493 1689 (dimdium
1506 1626 1692 1696 ussuiiulstilie
1713 1642 1777 1698 itec-

141 1723 211 1793 neri,
227 1737 339 1779 necesse
352 1729 395 1777 est
418 1730 476 1776 uta
495 1721 625 1779 cordibus
644 1719 745 1776 nostris
766 1720 932 1776 oblivionem
947 1725 970 1784 tt
984 1719 1108 1766 c²l⁰t¹¹¹1¹
1122 1727 1214 1766 settim
1226 1715 1376 1782 DOlilietii
1397 1716 1480 1787 ligna,
1497 1729 1602 1774 tantum
1616 1722 1701 1777 miser
1714 1739 1777 1778 eru-

139 1794 276 1887 pellamus
291 1814 425 1878 nocivam,
439 1814 649 1870 etrctiueamus
675 1813 932 1883 memoriamprosr-
984 1803 1102 1859 ciebitur
1127 1803 1155 1857 in
1179 1804 1313 1873 gehenna.
1340 1805 1373 1859 Et
1387 1815 1519 1876 quantum
1542 1811 1579 1865 ibi
1602 1822 1778 1881 peccatorum

140 1921 234 1979 ouant.
247 1903 316 1961 Cum
331 1905 403 1959 enim
428 1919 443 1958 a
461 1903 580 1958 claustro
606 1903 696 1958 cordis
713 1903 813 1958 oblivio
827 1901 935 1974 iurgatur
984 1907 1096 1949 suorum
1110 1895 1293 1962 composuerit
1303 1908 1441 1961 acervum,
1465 1907 1520 1952 tem
1542 1901 1674 1984 grandem
1687 1913 1716 1958 ct
1730 1905 1780 1959 dtr·

142 1999 283 2062 damnosa,
297 2005 362 2052 tutte
375 1997 403 2051 in
416 1996 493 2052 nobis
507 1993 649 2050 lructilere
673 1995 935 2059 ct·escit,etredun-
985 1998 1046 2038 rum
1070 1981 1108 2037 ibi
1137 1983 1258 2038 inveniti
1278 1986 1440 2040 cruciatum·
1466 1988 1501 2042 Et
1519 1989 1570 2044 boc
1586 1992 1666 2047 modo
1679 2009 1778 2048 unum-

145 2091 194 2144 dat
210 2088 352 2154 memoria,
366 2088 517 2159 queuobis
532 2097 597 2143 ante
607 2068 701 2143 ocutos
721 2087 830 2153 utentis,
844 2087 937 2142 etDo·
985 2087 1122 2142 ll¹¹⁰¹¹¹il¹¹ss
1150 2072 1184 2126 de
1208 2074 1326 2143 limpidis
1352 2077 1474 2145 peccatis
1501 2079 1632 2150 ilhenflffl
1659 2081 1781 2139 incendii

144 2183 212 2253 „pap
223 2191 360 2254 „mma
375 2182 433 2254 eju,
447 2181 563 2246 sequen,
577 2188 605 2236 ep
619 2180 755 2251 quomodo
778 2180 816 2236 5111
829 2180 937 2250 praepa.
987 2161 1067 2233 ignis.
1091 2160 1161 2218 ilinc
1182 2161 1279 2218 beatm
1292 2163 1411 2220 isidorus
1423 2166 1461 2221 ait
1474 2185 1482 2221 τ
1494 2167 1571 2224 Sicut
1593 2173 1782 2243 unusquisque

145 2272 615 2347 arosotduspreoeptacasmlire
630 2271 776 2342 possimus,
791 2271 937 2342 diiigenter
986 2261 1103 2337 8311οω8,
1115 2254 1143 2308 5¹¹
1158 2252 1250 2309 silium
1269 2254 1372 2326 ludiim
1392 2271 1442 2327 pro
1466 2260 1619 2328 Diadume
1644 2262 1778 2318 illiniunt

146 2364 273 2436 inquirit,
287 2371 315 2420 et
329 2360 646 2434 querimoniamque
657 2376 711 2416 uon
724 2359 846 2416 iacienda
862 2369 935 2426 scrut
987 2341 1199 2413 8¹⁰iffi0³hi¹¹¹ls
1212 2343 1251 2399 iii
1261 2354 1290 2399 ⁰¹
1302 2347 1488 2419 unusquisque
1513 2350 1611 2420 impius
1629 2367 1680 2423 pro
1693 2368 1781 2423 ‘1⁰³⁰-

148 2454 296 2527 rigiiauter
308 2452 433 2507 intendit.
452 2450 521 2505 ilinc
532 2446 687 2506 indecorum
704 2448 832 2520 populum
847 2449 939 2504 Domi-
988 2432 1229 2490 iiiillefadfflfflffi
1241 2436 1475 2493 ⁰⁰¹¹d⁰¹¹¹¹¹²¹li²¹¹h
1496 2439 1551 2495 Nec
1570 2441 1658 2498 ‘¹⁰⁶5‘
1672 2444 1699 2498 ⁵¹¹
1714 2459 1780 2516 ⁵¹¹D‘

145 2560 201 2601 ,ms
215 2543 343 2599 admouet
359 2543 452 2620 ΜΒ
468 2559 475 2594 ;
491 2539 601 2596 camp
624 2542 706 2612 ἰοίην
724 2543 902 2612 umqum,
914 2552 938 2598 ,g
988 2525 1071 2597 plicio
1083 2525 1191 2581 iuturus
1205 2527 1388 2585 damnationis
1411 2530 1489 2596 ordo,
1515 2533 1562 2588 sed
1572 2533 1650 2605 juin
1664 2535 1781 2606 qualita-

143 2637 348 2693 animamillam
362 2633 482 2698 solicite,
496 2643 520 2687 et
535 2650 567 2687 ne
588 2631 751 2688 obliviscaris
766 2633 870 2687 ceriam
885 2632 940 2688 Do·
990 2623 1045 2670 ¹⁰⁰¹
1055 2614 1337 2671 mmmmm
1351 2618 1402 2672 “5¹
1414 2632 1566 2689 Doellafflffl·
1591 2621 1659 2677 fflllc
1684 2623 1782 2680 50³th

148 2727 224 2791 indm,
237 2735 260 2781 et
277 2741 308 2780 ae
322 2724 449 2779 excedunt
460 2724 492 2778 de
506 2723 584 2779 corde
598 2733 642 2777 tno
655 2725 756 2779 enectis
770 2724 861 2780 dieder
881 2724 939 2781 cite
989 2704 1138 2774 Gi⁰l⁰li⁰⁵
1152 2707 1210 2761 ²¹⁸²
1224 2706 1424 2779 0ffi⁰5D0²⁰¹¹¹l⁸
1433 2709 1481 2765 Μ
1501 2711 1607 2782 Dssiffiil
1630 2712 1783 2771 summum

148 2827 202 2873 ino
216 2815 304 2890 (neor.
323 2817 372 2888 ιη.
388 2814 457 2870 nm
477 2814 621 2871 emmim
633 2816 672 2871 arn
688 2833 695 2869 ι
712 2814 836 2881 nemen,
849 2817 940 2872 aeno
990 2803 1105 2873 pameas
1119 2804 1154 2859 au
1168 2804 1226 2873 ipso
1242 2802 1334 2858 nundi
1345 2803 1451 2876 segne
1462 2807 1592 2877 gehenne
1605 2809 1695 2878 ionem
1707 2823 1785 2864 cren-

148 2922 220 2973 meo,
233 2905 355 2970 Domino,
378 2914 401 2960 et
427 2904 481 2960 aeli
501 2905 618 2961 obliuisci
639 2922 727 2961 omnes
755 2907 939 2962 retributiones
992 2893 1040 2958 lib
1054 2895 1100 2962 (1ιιὶ
1111 2893 1139 2948 Ῑῐ]
1150 2909 1230 2964 Diffia
1246 2894 1424 2966 lelll⁰b⁰ium
1447 2911 1508 2953 ⁰⁵⁸8
1533 2899 1617 2954 ⁵0⁰¹&
1640 2900 1785 2972 iimiimi·

147 2998 208 3069 epm
223 2996 308 3071 (reat
328 2998 388 3070 cri).
405 2988 535 3053 uernorn
551 2998 658 3053 annm
682 2998 790 3054 nome
814 2999 941 3056 sacrem
990 2980 1522 3062 redariordasuumoiamaineliois
1536 2992 1786 3062 nunquamnnnn,

150 3086 252 3141 minem
267 3094 386 3151 cautum,
403 3086 566 3151 modestum,
576 3087 691 3157 iustum,
719 3097 825 3144 rectum
850 3099 878 3144 et
889 3089 940 3146 bo-
954 3093 977 3158 ῃ
993 3080 1041 3136 scd
1053 3088 1126 3135 esset
1137 3079 1245 3135 miseris
1256 3094 1332 3136 mors
1343 3081 1401 3135 sine
1418 3090 1520 3147 morte,
1543 3083 1605 3139 linis
1630 3083 1689 3139 sine
1712 3083 1785 3149 line,

149 3184 274 3242 amatum,
298 3176 384 3246 pium,
410 3176 568 3248 beraignum,
595 3176 810 3244 misericordem,
825 3181 944 3251 prudens·
993 3172 1115 3227 deiectus
1129 3171 1188 3227 sinc
1201 3170 1323 3236 celocem
1344 3172 1408 3242 quie
1434 3181 1462 3229 et
1483 3188 1557 3230 mors
1581 3175 1660 3242 risit,
1682 3183 1710 3233 et
1725 3176 1788 3235 lintis

151 3276 216 3330 tem,
231 3265 369 3328 humilem,
382 3266 486 3331 mitem,
498 3267 618 3323 sobrium
632 3276 660 3323 et
676 3269 703 3323 in
721 3269 943 3328 omnibusactio
994 3277 1101 3333 timber
1112 3262 1217 3333 incipit,
1239 3271 1268 3318 θῑ
1285 3263 1400 3319 deficere
1421 3262 1543 3322 deiectus
1556 3268 1658 3334 nescim
1673 3277 1701 3325 ot
1713 3285 1789 3327 mors

151 3356 235 3412 nibus
248 3365 427 3426 temperatum
446 3365 474 3410 ct
495 3356 647 3427 providum.
660 3357 682 3411 il
694 3359 831 3414 contrario
843 3359 944 3416 mentis
994 3354 1103 3421 premit,
1119 3362 1147 3410 et
1170 3369 1223 3408 non
1236 3355 1401 3426 exstinquim
1414 3355 1491 3412 dolor
1505 3358 1619 3426 cruciet,
1636 3360 1683 3416 sed
1699 3361 1787 3418 nulle-

151 3444 253 3501 obiirio
265 3444 331 3500 iacit
344 3444 483 3500 hominem
506 3445 631 3510 stultum,
652 3446 801 3513 incautum,
817 3447 943 3504 insensa·
995 3451 1074 3499 tenus
1089 3458 1216 3513 patorem
1231 3442 1316 3513 lingat,
1339 3441 1446 3498 damma
1460 3446 1607 3514 comburit,
1623 3449 1670 3505 sed
1682 3466 1787 3523 nequa·

154 3551 224 3603 tum,
249 3536 362 3602 fatuum,
387 3536 580 3606 improvidum,
606 3536 746 3608 injustum,
772 3535 943 3605 injuriosum,
997 3551 1079 3607 quem
1089 3537 1216 3592 tenebras
1228 3536 1330 3592 decutit

154 3624 326 3691 iracundum,
340 3624 471 3691 invidum,
493 3624 639 3693 impurum,
666 3623 811 3690 immitem,
831 3626 944 3681 inconti-
1029 3627 1065 3681 lit
1076 3628 1156 3682 sitnm
1165 3637 1301 3695 eternam,
1312 3644 1370 3700 qam
1382 3628 1531 3685 timentibus
1538 3628 1624 3685 Deam
1634 3643 1790 3704 prcrporoto

153 3724 274 3780 rientem,
303 3716 453 3780 irrisorem,
471 3715 663 3781 detractorem,
688 3713 820 3781 iubatum,
847 3728 945 3786 eupor-
974 3718 1045 3785 'ett,
1058 3720 1146 3774 animo
1169 3717 1456 3790 recumperecoloot.
1474 3721 1569 3788 idest,
1591 3720 1686 3779 hocin
1707 3725 1790 3781 cordo

154 3805 351 3873 inmolatum,
367 3821 478 3872 nanum,
491 3813 518 3861 et
530 3807 556 3861 in
568 3805 694 3861 omuibus
706 3805 818 3860 omnino
832 3806 947 3861 actioni·
996 3807 1289 3879 sucsempereroirat,
1305 3809 1377 3879 quod
1391 3810 1424 3865 dc
1443 3812 1679 3868 contemnentibus
1704 3813 1789 3869 muni

155 3898 207 3952 bos
225 3896 402 3969 depravatum
426 3898 577 3963 homiuem,
600 3895 666 3952 iacit
684 3905 713 3951 et
732 3896 873 3952 miserum.
887 3896 947 3954 Nou
997 3898 1117 3954 dicitur:
1134 3898 1214 3954 liant
1226 3900 1300 3970 impii
1313 3901 1342 3955 in
1355 3899 1513 3972 aopplielnnt
1535 3912 1662 3959 eternum
1678 3902 1788 3976 (Hottlr.

154 3987 229 4042 enim
241 3989 275 4043 ad
289 3989 447 4043 memoriam
458 3988 601 4043 Dominum
614 4004 693 4044 suum
705 3998 733 4044 et
746 3991 948 4061 praecepteejus
998 3989 1072 4059 xxv).
1086 3991 1124 4045 De
1135 3989 1293 4045 umentibus
1307 3991 1392 4045 Deum
1403 4007 1410 4044 ε
1421 3989 1493 4045 lorti
1507 4007 1567 4047 oero
1577 3992 1605 4047 in
1620 3995 1698 4048 oitom
1713 4003 1790 4049 eter-

156 4077 278 4143 reducit;
293 4086 322 4132 et
333 4078 393 4134 ileo
408 4080 482 4133 reiut
495 4094 582 4135 cecus
600 4087 629 4134 et
644 4094 740 4134 emens
758 4090 852 4150 peccat
864 4088 936 4150 etpe
999 4099 1061 4138 nem
1075 4082 1187 4156 (lolem
1204 4084 1249 4139 ubi
1272 4091 1315 4140 est
1336 4083 1422 4156 gloria
1441 4085 1617 4156 sempiterna,
1644 4088 1790 4146 exsultatio

157 4169 204 4224 rit.
221 4168 344 4237 Qualiter
361 4181 450 4226 autern
476 4173 533 4227 baec
553 4171 653 4229 obliuio
674 4170 793 4244 fugietur
806 4175 948 4242 damnosa,
999 4189 1106 4242 magna,
1118 4189 1219 4229 corona
1231 4174 1377 4230 uirtutibus
1399 4173 1504 4242 dorida,
1523 4173 1633 4230 claritas
1643 4176 1702 4231 rori
1719 4174 1790 4235 Solis

158 4257 221 4314 audi
233 4259 373 4330 sequentia
387 4279 394 4315 :
1001 4264 1197 4321 illuminatione
1211 4263 1325 4336 brigide,
1338 4265 1472 4321 habitatio
1494 4265 1615 4321 omnium
1633 4276 1790 4324 sanctornm

194 4348 342 4420 decemper
355 4351 389 4404 sit
404 4352 629 4407 memoromniom
649 4369 709 4424 qne
730 4355 852 4425 precepit
866 4354 948 4411 Dese.
1001 4355 1097 4420 solida,
1113 4364 1215 4412 aeterne
1238 4364 1266 4411 et
1288 4371 1397 4428 semper
1422 4372 1583 4429 permanens
1599 4359 1707 4415 bonitas
1723 4368 1788 4415 tota.

159 4438 236 4495 Tunc
247 4440 319 4495 errirn
331 4441 459 4496 memoria
471 4450 668 4511 preceptorum
675 4442 723 4497 Dei
736 4445 835 4500 animae
846 4446 949 4514 prebet
960 4443 987 4503 D
999 4447 1040 4503 dd
1053 4462 1135 4518 quam
1148 4448 1193 4518 qni
1205 4448 1337 4504 bonorum
1357 4463 1470 4520 operum
1494 4451 1641 4508 virtutibus
1656 4451 1715 4507 iuiti
1728 4468 1792 4524 per-

159 4526 288 4593 odotem,
303 4530 463 4597 qnandoea,
478 4544 538 4599 qnae
549 4529 806 4602 bortrinipraeceptis
816 4535 951 4605 sagaciter
1000 4540 1135 4606 venerint,
1151 4541 1239 4595 beatis
1252 4540 1355 4611 angelis
1367 4541 1469 4600 similes
1490 4552 1580 4610 erunt,
1595 4551 1622 4599 et
1635 4544 1715 4600 simui
1729 4560 1791 4600 cum

161 4629 366 4686 memorantur,
401 4622 428 4675 in
451 4631 542 4677 ruente
564 4620 709 4678 efficaciter
732 4626 901 4695 complentur
922 4627 951 4683 in
1001 4629 1120 4687 Deosuo
1134 4631 1406 4704 mltcesgamiebunt,
1423 4634 1489 4689 etin
1510 4643 1640 4706 perpetuo
1659 4635 1718 4691 sine
1739 4634 1793 4691 linc

159 4726 254 4783 opere.
268 4712 374 4767 Domim
390 4711 462 4768 euim
473 4723 634 4779 memorata,
654 4725 682 4770 et
698 4731 751 4771 non
762 4717 870 4787 impieta
882 4733 951 4786 pre·
1002 4721 1161 4791 regnabunt.
1283 4724 1286 4729 “

160 4811 251 4874 cepta,
276 4801 480 4860 damnationem
501 4806 587 4876 magis
611 4806 709 4861 aniane
734 4823 815 4877 quam
836 4809 952 4865 salutent
1038 4813 1072 4867 Et
1087 4814 1275 4869 custodientia
1289 4815 1360 4869 omni
1375 4815 1440 4869 lioro
1453 4833 1469 4869 e
1482 4817 1595 4888 peccatis
1619 4827 1643 4873 et
1658 4818 1738 4885 ciliis,
1763 4817 1792 4873 id

164 4896 360 4952 demonstrent·
384 4895 528 4952 Memorato
548 4911 625 4963 vero,
639 4904 666 4951 et
683 4899 811 4966 operibus
825 4914 952 4954 cousum-
1003 4914 1041 4958 est
1052 4902 1249 4975 capitationem,
1264 4904 1372 4975 linque,
1387 4904 1790 4979 oculornm,monanm,pcdnm,

163 5002 238 5048 mata
254 4992 444 5049 elaoieutibus
453 4994 548 5064 procul
564 4994 698 5065 repeliunt
711 5003 832 5066 peccata,
849 5004 878 5051 ot
889 5011 952 5066 per-
1003 4991 1042 5046 cei
1057 4990 1198 5046 uoluntatis
1220 4992 1342 5064 proprie.
1365 4991 1440 5058 Qrmi
1454 4991 1520 5047 (licit
1540 5011 1554 5047 a
1572 4997 1690 5066 peccetis
1702 5007 1793 5052 eusto-

162 5085 480 5141 ser'erantibussalutem
494 5087 700 5151 continuamel
718 5087 954 5160 praeminpromit·
1004 5084 1062 5139 dire
1076 5099 1105 5139 se
1119 5084 1191 5140 omrri
1205 5085 1283 5149 hora,
1309 5084 1470 5138 subauditur
1499 5085 1534 5139 ab
1555 5086 1681 5144 omninibus
1702 5087 1794 5158 pravis

164 5182 225 5231 tout
235 5184 345 5231 aeterna.
360 5175 495 5232 Tribuunt
518 5176 681 5233 iacientibus
702 5177 826 5248 gloriam,
847 5193 900 5232 non
915 5177 954 5231 ia·
1003 5176 1140 5244 operibus,
1157 5190 1217 5244 quae
1233 5175 1300 5229 tium
1316 5174 1489 5245 cogitatione,
1505 5175 1639 5233 locutione
1656 5187 1684 5232 ct
1700 5191 1791 5247 opere.

163 5268 299 5323 cientibus
310 5277 400 5324 autern
414 5269 563 5339 geliennam
576 5268 714 5324 minantur
726 5277 865 5333 aeternam,
883 5268 954 5324 unde
1005 5267 1083 5323 Unde
1092 5268 1138 5322 bic
1153 5275 1214 5336 apte
1224 5268 1313 5336 posuit
1326 5269 1527 5337 eoqitntionom,
1536 5270 1642 5341 iiiique,
1655 5283 1791 5331 manaem,

164 5365 193 5413 ct
205 5359 346 5428 sequitur:
1005 5359 1170 5430 pedametc.
1183 5358 1245 5415 istis
1258 5359 1397 5417 fomitibus
1410 5363 1486 5430 quasi
1496 5361 1656 5432 quibusdam
1665 5359 1794 5429 gradibus

203 5447 238 5502 m
251 5449 364 5519 qualiter
378 5460 569 5506 contemnentes
591 5451 688 5515 Deonr,
711 5452 739 5504 in
751 5452 894 5520 peticionem
906 5465 955 5519 pro
1006 5451 1132 5507 coalescit
1145 5466 1225 5507 omne
1241 5464 1393 5522 peccatum.
1419 5454 1552 5525 Cogitatio
1573 5465 1689 5520 namque
1708 5464 1795 5522 prata

164 5543 277 5612 pereatis
297 5543 428 5596 incidunt.
454 5541 666 5598 Contemnentes
689 5543 760 5596 enim
773 5541 891 5610 suntqni
906 5556 954 5595 au-
1006 5539 1213 5596 dciecmtioucm
1227 5543 1311 5613 parit,
1323 5544 1467 5600 delectatio
1493 5554 1667 5606 consensum,
1683 5538 1797 5597 musea}

165 5630 244 5685 diunt
257 5640 392 5701 praecepta
413 5631 522 5701 quidem
545 5631 662 5695 Domini,
687 5631 733 5686 sed
757 5631 866 5686 obedire
889 5644 954 5685 con·
1006 5647 1053 5688 sus
1066 5634 1209 5698 actionem,
1227 5642 1299 5690 actm
1313 5634 1544 5690 consuetudinem,
1567 5632 1734 5687 consuetudo
1750 5648 1795 5689 ue·

290 5728 427 5786 Prrnot.
451 5726 516 5788 etl.
1519 5724 1558 5780 etl
