3810 6120
133 369 168 424 tt's
769 373 944 430 slttltlcltl
962 374 1109 432 ‚tutttlls
1726 375 1762 430 st

133 491 177 536 rat
196 483 345 537 ministrate
359 482 410 537 eie.
429 482 473 552 qtti
489 491 598 552 peroptet·
612 483 748 538 Christum
762 502 809 540 sua
824 487 914 540 otrtrria
929 490 954 548 Α
967 502 1027 540 cnm
1042 487 1150 542 taliius.
1168 486 1222 543 Sed
1243 505 1302 545 etun
1326 490 1380 543 iltis
1398 489 1515 545 hendnm
1531 498 1583 558 cst,
1617 488 1651 543 dc
1664 490 1763 558 <pitius

134 581 348 640 contemnentes,
367 573 463 647 alicnis
486 573 519 626 ad
536 581 640 642 tempus
659 575 778 646 indigent
791 578 925 632 ministra·

134 662 263 717 tierrihns.

169 749 223 824 (Ea
251 748 386 824 Origene.)
406 751 525 809 Honeste
549 763 578 810 et
598 755 736 821 decenter,
762 773 815 814 oon
845 759 923 828 quasi

133 847 230 916 stipem
251 845 434 914 indigentibus
459 848 562 903 sanetis
588 851 789 918 predecessit
811 865 922 907 censum

132 944 256 993 nostrum
270 936 469 1005 quodnumodo
480 951 543 994 cum
557 937 622 1011 ipsis
643 936 745 995 hahere
767 956 922 1006 commune,

134 1035 162 1080 rt
183 1024 339 1080 meminisse
359 1033 515 1081 sanctorum
534 1027 591 1084 sire
608 1027 635 1082 in
650 1028 771 1084 collectis
793 1028 922 1084 solemni-

134 1117 195 1189 hus,
210 1115 268 1170 sire
285 1129 336 1185 pro
353 1129 397 1182 eo,
416 1126 446 1171 nt
468 1131 502 1171 ex
521 1118 709 1174 recordatione
728 1134 821 1175 eonem
840 1118 923 1188 proil-

134 1208 249 1264 ciamus.

168 1297 382 1370 Hospitalitatem
395 1307 531 1354 metentes.
552 1299 640 1366 Qtram
656 1299 734 1370 digne
756 1300 923 1371 hospitalita-

132 1388 169 1444 tis
180 1386 419 1460 magnillcentiarn,
440 1403 494 1443 troo
507 1401 633 1444 sermone
648 1389 867 1459 comprehcndit!
879 1387 922 1444 Di-

131 1480 279 1557 ecnseuim
301 1480 456 1535 sectandam
480 1494 541 1534 esse
559 1479 784 1548 hospitalitatem.
805 1497 859 1536 nou
879 1497 923 1537 so-

131 1569 184 1622 lum
200 1569 329 1633 ostendit,
341 1579 371 1623 ut
395 1570 546 1626 venientem
564 1569 598 1624 ad
619 1585 669 1626 nos
683 1571 817 1640 hospitem
838 1574 923 1630 susci·

974 577 1039 630 dicit
1052 575 1184 633 Dominus
1198 593 1205 632 :
1217 578 1293 633 Beati
1308 581 1353 651 qui
1368 580 1443 646 ssent,
1458 581 1584 651 quoniam
1599 581 1648 650 ipsi
1665 598 1764 636 cormo-

974 664 1111 720 ialmutur.
1128 666 1157 722 Si
1173 668 1235 738 qtris
1248 665 1293 723 het
1308 683 1358 738 pro
1373 672 1498 741 peccatis·
1508 670 1575 735 suis,
1589 669 1612 724 si
1627 669 1689 740 neris
1702 681 1765 740 post

973 755 1072 812 delicta
1103 758 1271 813 convertitur
1299 759 1332 813 ad
1364 759 1560 830 poeuitentiam,
1592 766 1619 814 et
1638 774 1763 814 errorem

973 860 1053 900 suum
1081 846 1209 917 lacrymis
1234 847 1317 902 latrat.
1334 847 1363 903 Si
1377 849 1438 918 quis
1462 848 1544 904 etiarn
1567 849 1764 916 ingemiscitur

973 931 1130 989 hahitacnlo
1145 936 1198 991 isto
1211 937 1325 1006 positus,
1353 937 1427 992 etad
1441 936 1579 992 Christum
1592 938 1682 992 redire
1693 938 1765 993 desi-

973 1021 1063 1085 derat,
1079 1032 1107 1078 ct
1121 1038 1171 1094 per
1183 1033 1304 1080 sanetum
1318 1025 1482 1082 desiderium
1505 1025 1684 1098 laerymarum
1699 1043 1765 1099 pro-

973 1109 1213 1168 insiouelaratur.
1239 1112 1387 1186 iungamus
1415 1132 1476 1171 eum
1492 1116 1599 1184 talibus,
1625 1117 1766 1190 lacrymas

973 1214 1082 1261 nostras
1108 1215 1136 1262 et
1165 1207 1282 1279 gemitus
1310 1209 1455 1265 sociemus.
1473 1209 1593 1266 Tristitia
1614 1213 1686 1267 euim
1705 1230 1767 1284 qun

973 1299 1123 1353 seeundum
1149 1294 1234 1355 Deum
1253 1308 1305 1363 est,
1320 1298 1435 1356 salutem
1465 1301 1588 1358 stabilem
1603 1318 1653 1372 per
1677 1305 1766 1374 poerci·

975 1387 1086 1441 tentiam
1101 1396 1239 1457 operatur.

1009 1473 1043 1529 ici
1056 1475 1142 1546 iprum
1168 1467 1277 1534 inuicem
1292 1482 1439 1536 sentientes.
1460 1480 1557 1536 Semta
1583 1480 1635 1538 iste
1647 1497 1702 1536 nou
1717 1498 1766 1537 na-

974 1572 1033 1619 tura
1047 1565 1101 1633 sui,
1127 1567 1174 1623 sed
1197 1569 1422 1640 interpretatione
1442 1572 1584 1628 obscurior
1607 1571 1694 1638 iactus
1708 1583 1763 1639 est,

130 1660 248 1730 pionius,
279 1662 371 1716 sedet
390 1663 571 1732 requiramus,
603 1671 632 1718 et
645 1663 752 1719 solliciti
783 1663 924 1728 simus,et
973 1656 1024 1711 hoc
1036 1667 1079 1713 est
1089 1659 1162 1714 enim
1174 1662 1246 1730 cpuod
1260 1661 1348 1719 dicit:
1366 1672 1395 1716 ut
1409 1663 1446 1718 ita
1462 1664 1495 1719 de
1508 1663 1591 1719 tratre
1614 1666 1766 1722 sentiamus

130 1758 265 1804 sectemur
293 1764 325 1804 ae
340 1751 529 1821 perquiramus
546 1752 645 1822 ubique
667 1753 798 1822 hospites,
813 1770 864 1811 nee
875 1755 921 1812 uhi
974 1758 1004 1803 nt
1015 1759 1042 1804 et
1056 1750 1089 1805 de
1100 1751 1181 1807 nohis
1207 1753 1282 1823 ipsis.
1302 1755 1335 1808 Et
1348 1755 1385 1808 ita
1404 1755 1518 1810 uelimus
1543 1756 1677 1825 proximo,
1693 1759 1764 1812 sieut

130 1839 199 1895 torte
212 1840 240 1895 in
253 1840 350 1912 plateis
367 1840 492 1904 sedeant,
507 1858 558 1899 nec
582 1853 660 1915 extra
676 1853 776 1901 tectum
798 1846 920 1916 jaceant.
936 1827 959 1887 Β
973 1847 1000 1895 et
1012 1841 1090 1897 nohis
1103 1842 1236 1909 volumus,
1253 1853 1322 1901 utet
1337 1846 1469 1902 Dominus
1480 1846 1507 1900 iu
1519 1846 1665 1918 Evangelio
1675 1848 1762 1903 diiit:

131 1928 284 1987 Recordare
295 1931 374 1997 Loth,
387 1940 415 1986 et
439 1933 560 1989 lurenies
578 1935 651 2004 quod
666 1935 739 1990 iiluna
764 1953 816 1993 non
829 1939 923 2009 hospi·
972 1928 1037 1998 01¹ae
1049 1931 1131 1988 vullis
1148 1941 1178 1990 ui
1199 1933 1299 1992 faciani
1315 1936 1392 1992 vohis
1411 1936 1546 2001 hemines.
1568 1939 1663 1994 eadem
1675 1948 1703 1995 ei
1715 1955 1764 1996 tos

133 2032 182 2087 tes,
203 2022 250 2080 sol
264 2023 321 2093 ipse
348 2025 487 2095 quesierit
503 2026 624 2095 hospites
643 2025 719 2098 (Gen.
743 2029 811 2102 ux),
829 2038 858 2087 et
870 2032 923 2088 hoe
972 2019 1054 2079 facite
1067 2023 1131 2080 illis·

129 2121 189 2168 enit
206 2112 415 2183 hospitalitatem
428 2116 538 2172 sectari.
1008 2111 1071 2168 Non
1086 2113 1141 2168 otte
1170 2116 1308 2187 supienter,
1326 2117 1371 2172 sed
1394 2116 1537 2173 humilibus
1564 2120 1763 2178 consentientes.

164 2200 313 2258 Bencdieite
321 2205 535 2276 permetentibus
552 2222 606 2260 eos.
628 2206 756 2262 Moralem
770 2209 858 2265 iocum
874 2209 916 2264 ia·
972 2198 1133 2270 sildesffiffl
1157 2218 1207 2273 l)er
1234 2205 1325 2261 ⁰¹¹¹¹¹i³
1352 2204 1505 2279 fugiendam
1522 2210 1609 2275 (Ῑθθθῑ,
1626 2211 1677 2266 ¹¹⁰⁰
1690 2212 1763 2266 essim

108 2276 114 2296 '
131 2295 186 2348 tius
206 2293 351 2363 Apostolus
372 2308 524 2364 exsequens
544 2303 630 2359 aetus,
650 2306 779 2362 mentem,
797 2297 918 2369 proposi.
971 2286 1036 2342 dicit
1061 2288 1116 2343 alta
1144 2290 1267 2345 sentire:
1290 2299 1318 2347 et
1342 2296 1441 2349 merito
1476 2297 1603 2365 snperbia
1618 2304 1623 2313 “
1636 2298 1763 2372 hrgienda

130 2395 198 2452 tnui,
220 2400 252 2442 os
276 2401 384 2458 nttopne
408 2386 504 2457 ipsum,
526 2385 720 2457 discipulorum
746 2386 921 2460 linguamque
971 2386 1023 2438 est,
1042 2393 1103 2433 cum
1131 2377 1269 2450 Serlptura
1296 2381 1383 2437 dicit:
1405 2384 1472 2450 Quia
1487 2386 1595 2442 initium
1609 2391 1763 2447 discedendi

130 2476 278 2546 componit.
298 2475 356 2533 Nou
378 2477 437 2533 ruit
449 2544 452 2549 .
464 2477 608 2534 eredentes
622 2474 732 2534 Christo
755 2478 789 2534 de
808 2493 856 2535 ore
870 2493 921 2534 suo

129 2570 252 2641 prolerre
269 2569 452 2635 maledictum,
477 2571 525 2625 sed
548 2571 617 2626 hene
641 2570 725 2640 loqui,
749 2571 920 2636 henedieere,

129 2662 199 2719 hene
217 2660 374 2733 praedicare,
396 2667 428 2715 nt
445 2675 478 2715 ex
508 2659 570 2723 hoc,
589 2666 617 2714 ct
631 2656 695 2713 honi
709 2658 815 2714 honuni
836 2655 918 2723 servi,

130 2757 158 2807 et
170 2749 231 2805 honi
250 2748 371 2820 magistri
385 2751 530 2805 credantur
544 2764 604 2805 csse
617 2748 752 2819 discipuli.
773 2748 920 2806 Sciendum

130 2852 224 2902 tamen
236 2852 288 2908 est,
300 2843 372 2913 ettad
394 2857 484 2898 sermo
498 2841 694 2898 benedictionis
717 2841 744 2896 in
768 2839 921 2912 Scripturis

130 2936 236 2993 diverse
256 2934 360 3004 positus
381 2933 527 2996 invenitur,
552 2947 615 2986 uam
635 2940 663 2987 et
675 2915 746 2986 [teis
761 2932 921 2988 berrediecre

130 3026 238 3090 dicitur,
255 3033 284 3081 et
296 3024 430 3089 homines,
446 3023 487 3079 uel
501 3033 607 3080 caetere
621 3031 755 3078 creature
773 3022 858 3078 licum
871 3025 904 3080 he

972 2469 1128 2535 aliourino,
1148 2469 1275 2540 snperbia
1287 2479 1338 2527 est.
1353 2472 1427 2528 Beue
1445 2483 1535 2530 autem
1554 2493 1608 2532 uuo
1622 2495 1750 2537 sermone

972 2559 1169 2618 iustitutionem
1184 2563 1343 2619 hermilitatis
1356 2567 1491 2636 esposuit,
1518 2569 1672 2625 consentire
1688 2572 1762 2626 euim

972 2648 1130 2718 humilibus,
1145 2659 1273 2708 etamare
1289 2654 1413 2719 humiles,
1427 2663 1508 2725 atem
1532 2657 1663 2714 inclinare
1685 2676 1714 2715 sc
1728 2663 1762 2716 a-:l

972 2756 1030 2806 cos,
1046 2742 1097 2798 hoc
1109 2751 1162 2809 est,
1192 2758 1371 2800 consuescere
1386 2745 1488 2800 imitari
1502 2762 1563 2800 eum
1599 2751 1643 2818 qni
1656 2766 1717 2806 enm
1733 2754 1759 2808 in

972 2831 1060 2889 hirnia
1078 2834 1125 2890 Dei
1140 2845 1221 2900 esset,
1236 2835 1350 2891 sormam
1365 2835 1436 2892 serri
1458 2838 1585 2908 suscepit,
1600 2849 1628 2896 ct
1640 2842 1763 2899 ireturilia-

972 2926 1051 2982 ritse
1065 2926 1196 2996 usquead
1211 2936 1325 2983 mortem
1341 2924 1452 2998 (Philip.
1471 2926 1513 2990 nl.

1008 3016 1062 3087 (Es
1083 3014 1212 3089 Priores.)
1232 3017 1363 3088 Superbia
1387 3018 1456 3088 sapit
1470 3017 1530 3080 iste,
1547 3018 1594 3087 qui
1621 3036 1697 3076 suam
1714 3040 1762 3093 per

132 3117 257 3173 uediccre
274 3115 414 3186 inlicertnr,
435 3115 483 3170 sed
498 3113 544 3169 lici
570 3111 722 3169 benedictio
741 3108 842 3181 aliquid
856 3128 918 3168 mn·
972 3123 1001 3165 se
1020 3107 1112 3164 ulcisci
1125 3108 1198 3180 cupit
1211 3108 1348 3179 injuriam,
1364 3118 1391 3166 ct
1405 3126 1458 3165 non
1473 3109 1619 3167 humilibus
1633 3112 1722 3180 rebus,
1734 3117 1761 3170 id

132 3210 206 3266 ueris
228 3223 337 3281 semper
355 3207 399 3264 his
417 3206 464 3277 qrri
478 3209 512 3264 al>
531 3221 564 3264 eo
578 3205 774 3262 benedicuntur
788 3203 918 3274 impertit,
933 3173 955 3235 C
970 3207 1021 3262 est,
1037 3198 1183 3254 huoutitati
1197 3199 1341 3256 consentit.

133 3298 256 3355 honines
285 3313 350 3354 roro
372 3298 457 3354 heurra
479 3294 639 3354 benedicere
656 3309 707 3366 pro
721 3292 773 3350 hoc
793 3294 865 3364 qarod
878 3302 921 3349 est

1061 3301 1228 3343 tlvtnnnlltttt
1249 3305 1387 3348 secuudum
1409 3311 1538 3360 tolenno,
1554 3311 1613 3351 ΕΜ).
1628 3310 1659 3352 ll.

132 3392 244 3450 huelem
264 3398 293 3447 el
304 3389 406 3460 milas
418 3387 520 3445 resep-po
531 3387 666 3443 dicuntur,
1009 3395 1017 3424 t
1041 3375 1146 3446 Nllpiioe
1161 3375 1239 3433 faciit}
1250 3390 1313 3435 sunt
1325 3380 1352 3436 iu
1365 3381 1438 3439 Canu
1453 3384 1580 3452 Galiitllae,
1596 3392 1691 3441 eieldi
1703 3400 1760 3439 utn-

91 3526 96 3534 ,
169 3478 316 3535 Berretiicite
327 3489 351 3534 et
365 3477 444 3535 nolite
463 3477 625 3533 nmiedicere.
647 3475 776 3531 hortatur
792 3491 840 3530 tros
851 3474 921 3545 dpe-
974 3487 983 3518 r
1008 3466 1125 3524 teriesn
1141 3469 1187 3524 ihi.
1216 3470 1331 3529 Vocatus
1356 3482 1398 3530 est
1424 3486 1514 3533 autem
1542 3477 1759 3534 tesusetdisrt-

130 3569 216 3624 stolus
232 3576 263 3624 ut
274 3584 337 3625 eum
352 3583 529 3640 provocamur
541 3569 575 3625 ah
591 3567 720 3633 inimicis,
732 3581 785 3621 ιιοιι
800 3582 850 3636 pro
863 3581 921 3621 rua·
974 3577 983 3608 ⁴
1007 3558 1132 3631 9111ῑοΙὶῑὲ
1147 3559 1181 3614 {td
1192 3560 1310 3632 ⁰¹¹9th-
1327 3563 1361 3619 Ei
1373 3566 1516 3624 deficiente
1531 3569 1605 3634 vino,
1622 3568 1691 3622 diist
1702 3583 1757 3622 ¹¹¹³·

131 3660 236 3720 tenteris
248 3659 391 3717 maginem
408 3659 562 3724 regnamus,
576 3662 624 3715 seg
635 3656 769 3714 lactamus
779 3658 851 3729 quon
863 3657 920 3728 ipse
974 3670 982 3702 ι
1007 3662 1047 3705 ter
1058 3648 1121 3707 iesu
1138 3652 1172 3706 ad
1185 3668 1245 3708 cum
1259 3673 1265 3708 r
1280 3654 1379 3711 Vinum
1393 3673 1448 3713 uon
1472 3659 1581 3715 hahent.
1599 3660 1632 3714 Et
1646 3658 1712 3714 dicit
1733 3659 1759 3713 ci

131 3754 165 3809 (¹0
176 3751 325 3822 semetipso
337 3749 441 3812 scribit,
455 3749 499 3805 ubi
515 3749 591 3816 dicit,
605 3747 788 3803 maledicimur
810 3756 835 3802 ef
849 3747 922 3803 bene.
973 3761 982 3792 t
1006 3739 1104 3797 iesus:
1120 3742 1188 3810 Quid
1201 3745 1265 3799 milii
1280 3747 1556 3814 eliibiesi,mulies?
1570 3751 1694 3807 Nossdiiiil
1710 3766 1757 3804 VO·

130 3842 244 3900 tiicimna
264 3840 291 3914 (Ι
305 3838 368 3896 Cor.
383 3838 432 3911 rr).
975 3852 982 3884 ι
1007 3834 1045 3887 nit
1058 3833 1125 3887 hora
1142 3849 1212 3889 urea.
1229 3834 1299 3891 Dicit
1319 3847 1405 3894 nratm
1417 3839 1475 3911 ejus
1496 3842 1647 3898 ministris:
1666 3841 1758 3908 Quod-

166 3929 284 3987 (Μαρια
297 3947 357 3986 ,pm
379 3930 561 4001 mamista„
586 3928 712 3987 flabpnfp
740 3937 782 3985 ρει
795 3929 878 3984 eriam
893 3926 920 3985 tn
973 3941 982 3973 ι
1005 3939 1111 3995 eurique
1136 3924 1236 3979 dixerit
1249 3925 1325 3980 rolris
1349 3926 1440 3983 tacite.
1460 3929 1546 3985 Erant
1566 3938 1657 3986 autem
1670 3932 1707 3985 ihi
1719 3931 1760 3986 lu-

131 4028 183 4082 hoc
195 4033 354 4097 competens
367 4032 396 4080 et
409 4032 473 4098 apto
485 4023 635 4088 distinctio,
649 4038 703 4078 uon
719 4021 791 4077 enim
805 4021 920 4094 quinus.
973 4031 982 4062 ι
1007 4012 1090 4083 {ridete
1101 4011 1204 4084 hydriae
1213 4027 1259 4068 ser
1269 4013 1373 4084 positae,
1383 4019 1531 4073 secundum
1539 4019 1758 4088 purificationem

128 4134 238 4192 conque
269 4117 389 4193 gaudiis,
420 4116 638 4174 Christianorum
667 4115 763 4187 genitia
791 4113 920 4171 socianda
974 4103 1169 4189 ‹lucino-enm,
1191 4103 1329 4174 capientes
1343 4105 1454 4177 siuguhe
1468 4115 1598 4165 metretas
1622 4109 1702 4165 hinas
1717 4112 1759 4166 rel

129 4217 203 4275 ment,
218 4224 308 4282 nappe
320 4207 551 4266 wmasipidgam
567 4204 685 4279 gaudem
699 4205 815 4277 aliquem
838 4219 920 4275 super
974 4217 983 4249 t
1008 4206 1115 4259 ternas;
1129 4194 1195 4251 dicit
1209 4194 1250 4250 eis
1262 4192 1488 4268 Jcsustimplete
1499 4199 1609 4270 hydrias
1625 4215 1705 4268 aqua.
1725 4200 1760 4254 Ei

128 4305 235 4368 nurestu
259 4297 394 4369 pecuniae,
420 4304 469 4351 atu
490 4295 629 4353 sarcrrlaris
655 4294 768 4351 honoris
795 4292 920 4349 enrlnen-
974 4309 982 4338 ι
1007 4287 1184 4358 impleverunt
1199 4302 1246 4343 eas
1270 4303 1356 4359 usegue
1377 4288 1412 4344 ad
1432 4305 1577 4345 summum.
1593 4289 1627 4345 Et
1639 4291 1705 4346 dicit
1717 4291 1759 4346 eis

131 4386 189 4451 tice,
201 4385 388 4457 congratulari
402 4383 488 4441 debeo
501 4384 601 4440 talibus
613 4384 660 4452 qrri
674 4383 770 4448 sciam,
785 4381 859 4452 qrrod
870 4382 920 4438 lru·
973 4397 982 4428 ι
1005 4374 1085 4433 iesus
1102 4395 1108 4431 :
1126 4374 1239 4432 ilauritc
1264 4393 1346 4445 nunc,
1362 4388 1390 4434 et
1412 4377 1481 4436 terte
1502 4380 1699 4437 architriclino.
1726 4381 1759 4435 Et

125 4473 246 4544 jusmodi
278 4472 378 4545 gatrdin
403 4471 493 4528 luctus
519 4479 650 4543 sequatur
678 4462 854 4544 etlaergoue,
871 4471 919 4528 sed
974 4487 993 4549 ¹.
1008 4467 1137 4523 mierunt.
1154 4465 1190 4523 tu
1204 4474 1294 4523 antem
1316 4469 1433 4541 gustarit
1448 4471 1647 4527 architriclinus
1661 4487 1759 4542 antrum

127 4562 194 4633 neria
218 4561 350 4621 uoniam
372 4558 501 4632 apostolis
511 4558 570 4618 ait:
585 4559 706 4616 Gaudete
731 4559 917 4630 qrrianomina
974 4577 982 4606 ι
1008 4555 1098 4612 rictum
1121 4555 1274 4623 inclamet
1287 4573 1341 4613 uou
1365 4559 1469 4615 sciehat
1485 4562 1556 4616 unde
1569 4568 1654 4626 esset,
1680 4562 1760 4615 orieri-

128 4659 220 4708 restra
237 4650 339 4727 scripta
352 4660 417 4706 sunt
439 4649 558 4707 tuceta.
576 4648 610 4707 iit
622 4664 683 4715 uos,
694 4649 716 4705 si
730 4648 869 4705 rideamus
884 4649 919 4704 ah
973 4666 982 4696 ι
1007 4646 1054 4702 stri
1080 4655 1170 4703 autem
1195 4646 1330 4716 sciebant,
1353 4649 1400 4720 qui
1418 4650 1567 4707 hauserant
1579 4665 1688 4721 aquam.
1705 4649 1760 4705 Vo-

129 4741 221 4813 alinuo
239 4739 292 4797 tale
312 4748 383 4811 opus
399 4738 457 4812 geri
476 4739 549 4809 qnod
573 4738 601 4795 io
614 4736 685 4795 coelo
710 4737 792 4794 serihi
806 4736 918 4810 dignum
972 4758 981 4789 ι
1004 4747 1048 4793 cat
1078 4753 1207 4810 sponsum
1232 4739 1445 4807 architriclinus,
1473 4750 1502 4798 et
1513 4741 1581 4797 dicit
1598 4743 1645 4798 ei:
1662 4742 1759 4800 Orrruis

129 4835 179 4901 sit,
192 4831 375 4906 sireirrstitiae
399 4846 480 4902 opus,
495 4830 553 4887 sire
578 4829 733 4895 eharitatis,
760 4828 819 4886 sive
830 4829 916 4900 pacis,
971 4848 981 4880 ι
1005 4829 1086 4885 1ιοιιιο
1111 4829 1228 4900 primum
1247 4831 1347 4886 honum
1365 4832 1457 4887 riuum
1480 4833 1565 4902 ponit,
1581 4841 1609 4889 et
1624 4850 1686 4888 cum
1700 4835 1757 4889 iuc-

128 4923 172 4982 ιώ
186 4922 389 4988 misericordie,
403 4916 432 4979 et
444 4920 481 4977 ita
495 4930 612 4995 gestum,
625 4929 656 4975 ut
670 4919 697 4978 in
710 4918 779 4975 libro
791 4919 852 4975 vitan
876 4936 918 4976 re·
972 4939 979 4968 ι
1005 4919 1084 4973 oetan
1096 4918 1206 4983 luerint,
1233 4927 1296 4975 tuuc
1309 4921 1335 4975 id
1348 4921 1419 4991 quod
1436 4922 1558 4979 deterius
1584 4918 1639 4978 est.'
1651 4924 1691 4978 lu
1703 4941 1754 4978 au·

130 5017 198 5073 terri
214 5023 365 5080 mereatur,
380 5012 511 5072 dehemus
530 5010 650 5084 gaudere
662 5026 724 5067 enm
739 5008 849 5066 talibus.
862 5009 917 5066 Sed
974 5029 982 5059 ι
1008 5020 1060 5063 tem
1073 5009 1187 5064 serrasti
1201 5010 1302 5064 honoro
1316 5010 1406 5064 uinum
1425 5026 1511 5081 nsqtrc
1525 5013 1622 5068 adhuc.
1650 5013 1707 5069 line
1721 5013 1755 5070 le-

127 5118 156 5164 ct
171 5108 194 5163 si
208 5106 319 5177 quidem
332 5104 473 5161 rideamus
487 5102 523 5160 ah
535 5085 629 5159 errore
647 5117 820 5165 corruersmn,
834 5109 917 5156 etre-
973 5117 981 5149 t
1005 5097 1042 5152 eit
1065 5097 1172 5153 initium
1190 5097 1327 5170 signorum
1354 5096 1432 5157 iesus
1454 5102 1480 5157 iu
1500 5101 1573 5158 Cana
1586 5103 1714 5165 Galliae,
1731 5115 1759 5158 et

127 5200 201 5257 lictis
213 5196 373 5271 ignorantie
379 5197 507 5260 tenebris,
519 5197 554 5251 ad
567 5194 654 5251 lucem
667 5193 789 5250 recitatis
800 5193 914 5255 troisse,
942 5260 946 5268 ¹
973 5209 981 5238 ι
1006 5188 1187 5265 manifestarit
1200 5188 1311 5260 gloriam
1326 5206 1412 5246 suain.
1429 5192 1462 5251 m
1475 5196 1647 5250 crediderunt
1660 5196 1685 5249 iu
1696 5212 1758 5250 eum

128 5288 315 5364 remissionem
328 5296 502 5358 peecatorum
515 5294 543 5342 et
560 5284 676 5356 gratiam
698 5282 786 5340 sancti
801 5281 917 5353 Spiritus
972 5299 981 5331 ι
1004 5280 1126 5352 discipuli
1143 5279 1235 5350 ejus.»

129 5377 271 5444 cremisse,
285 5377 414 5433 debemus
431 5375 549 5448 gaudere
562 5389 623 5430 curn
638 5372 746 5429 nutus.
1006 5372 1113 5444 Nepete
1125 5371 1203 5442 [nete
1215 5380 1276 5426 curu
1291 5372 1317 5427 ιἰι
1335 5372 1587 5444 carracedum
1606 5387 1660 5432 erat
1677 5386 1760 5430 circiter

168 5464 241 5523 fiete
254 5482 313 5521 cnm
331 5465 464 5537 flentibus.
483 5461 543 5520 Nou
554 5480 616 5518 eum
643 5464 755 5534 illisqui
771 5463 834 5519 hcnt
847 5480 919 5519 rnor-
967 5464 1032 5522 icon
1044 5465 1091 5519 ihi.
1114 5463 1165 5536 (Ex
1188 5462 1285 5537 Beda.)
1305 5464 1360 5521 Nec
1379 5476 1458 5523 uacat
1474 5469 1613 5540 mysterio,
1629 5469 1700 5539 ιμιοιΙ
1714 5469 1759 5523 die

131 5563 192 5613 titos
206 5573 280 5625 suos,
306 5555 434 5628 jubemur
449 5552 524 5620 llere,
544 5562 591 5609 aut
604 5554 652 5625 qni
675 5552 851 5609 llerndumua
869 5571 919 5610 sre-
969 5557 1049 5612 tertio
1073 5564 1135 5626 post
1158 5552 1213 5620 iila,
1241 5570 1302 5625 que
1315 5558 1447 5629 superiori
1474 5558 1612 5627 Evangelii
1633 5573 1759 5612 seruroue

131 5643 243 5702 euiaua.
272 5645 397 5706 Scioutcs
422 5645 494 5715 quod
512 5644 591 5715 huius
613 5643 704 5699 saculi
721 5644 919 5700 tristitiamor-
968 5647 1159 5716 descripserat.
1180 5647 1284 5718 Nttptiur
1314 5648 1391 5703 inetur
1418 5648 1645 5711 1·eieruutur‚sed
1677 5647 1759 5700 tertio

131 5743 186 5793 tem
213 5748 351 5805 operatur.
371 5735 429 5796 Non
445 5744 508 5794 sunt
535 5750 599 5809 ergo
625 5734 750 5808 inrepunt}
774 5735 919 5808 mergendae
971 5747 1091 5811 tempore
1112 5740 1202 5797 sectili
1227 5738 1370 5796 Dorrrinum
1385 5738 1573 5809 adaptarutaru
1598 5737 1650 5793 sihi
1664 5737 1759 5792 heric-
