3810 6120
198 301 248 358 tat
847 291 1020 348 sitantum
1041 289 1185 346 abbans
1772 286 1826 346 232

200 414 365 488 ‹Philippos
386 423 414 471 et
435 413 585 476 eunuchus,
608 420 637 464 et
655 408 800 482 baptizavit
819 423 889 463 eum.
916 407 983 461 Cum
998 407 1022 464 Α
1035 420 1097 458 cunt
1111 405 1218 459 ducitur
1232 402 1267 459 ad
1283 405 1419 459 victimam
1431 420 1484 461 nott
1498 413 1642 475 repugnat,
1656 405 1696 460 sic
1710 405 1755 460 ille
1764 420 1825 477 pro·

200 524 211 559 t
228 515 318 561 autem
332 504 499 562 ascendisset
511 502 544 557 de
558 500 764 571 aqtta,Spiritus
777 498 882 553 Domini
896 495 985 567 rapuit
1033 499 1093 566 pria
1105 513 1200 568 passus
1213 505 1255 553 est
1268 497 1414 563 uoluntate,
1430 496 1473 553 tel
1483 497 1573 552 altiori
1591 496 1826 563 intellectualem

162 639 166 655 ‚
200 594 397 665 «Philippum,
422 601 449 648 et
470 590 586 662 amplius
606 605 660 644 non
675 589 740 644 sidit
757 576 818 645 eum
834 586 983 642 eunuchus.
1034 602 1120 662 agnus
1134 587 1162 642 in
1175 587 1279 643 Pascha
1301 585 1435 642 immolari
1457 585 1571 652 solebat,
1598 585 1638 642 sic
1658 583 1763 642 Pascha
1777 600 1827 642 no-

160 681 165 692 '
200 702 211 736 t
226 684 388 740 lbatautem
402 698 450 755 per
462 682 533 736 tiam
548 695 623 735 suam
639 680 768 752 gaudens.
786 678 925 749 Philippus
937 691 985 730 au·
1034 687 1120 732 strum
1135 677 1291 733 immolatus
1302 686 1344 733 εει
1358 675 1491 733 Christus.

200 791 209 823 t
226 780 280 828 tem
294 772 421 828 iuventus
433 778 475 827 est
488 771 515 825 iu
526 769 623 835 hrota,
637 777 663 823 et
677 768 861 840 pertransiens
874 780 986 835 evange·
1054 766 1104 820 .Et
1117 768 1184 822 sicut
1210 783 1396 838 agnoscerem
1424 767 1544 822 tondente
1554 782 1581 821 se
1600 767 1657 820 rinc
1675 783 1745 821 uoce.
1765 766 1826 823 Non

199 883 209 915 t
225 862 324 918 litabat
345 862 500 919 civitatibus
522 861 637 923 cunctis,
665 859 750 915 donec
772 858 877 914 ueniret
898 857 1000 943 ew,
1034 857 1120 912 solum
1135 859 1206 914 enim
1219 873 1270 914 nos
1283 859 1412 929 sanguine
1438 858 1561 922 redemit,
1575 857 1622 913 sed
1635 865 1665 912 et
1678 857 1748 913 lanis
1761 873 1828 929 ope-

200 970 209 1002 t
227 969 308 1012 ream.
324 968 422 1007 nomen
435 951 542 1006 Domini
555 951 641 1005 nostri
653 949 716 1007 lesu
729 949 839 1006 Christi.
856 968 866 1001 t
1034 949 1098 1013 ruit,
1113 958 1143 1003 ut
1154 949 1275 1020 algentes
1298 949 1326 1005 in
1338 948 1503 1010 inlidelitate.
1531 963 1580 1003 sua
1597 956 1673 1004 teste
1687 947 1825 1004 caleface-

231 1041 344 1112 Angelus
358 1042 464 1097 Domini
479 1040 629 1096 locutusest
653 1041 688 1095 od
703 1039 983 1111 Philippumdicent:
1034 1045 1086 1101 ret,
1117 1047 1146 1094 et
1165 1040 1320 1097 audiremus
1348 1039 1507 1110 Apostolum
1538 1039 1617 1095 nobis
1647 1039 1824 1110 loquentem:

197 1132 281 1203 Surge
295 1133 404 1198 stende,
419 1140 473 1188 ete.
495 1133 545 1204 (lit
559 1131 653 1204 Beda.)
667 1133 739 1188 Bene
752 1133 779 1187 in
793 1131 905 1187 meridie
912 1146 985 1201 qute-
1035 1124 1167 1199 Quotquot
1180 1130 1208 1184 in
1220 1126 1325 1185 Christo
1346 1130 1473 1201 baptizoti
1492 1130 1566 1197 ertia,
1586 1126 1719 1190 Christum
1732 1130 1826 1185 indui·

196 1223 265 1277 ritur
283 1231 312 1278 et
326 1224 472 1289 invenitur,
489 1232 516 1279 et
534 1222 653 1278 abl'uitur
668 1221 712 1277 ille
726 1221 773 1291 qui
786 1221 929 1277 devotione
939 1235 986 1290 pe·
1033 1217 1080 1273 rtis
1105 1217 1177 1289 (Gal.
1197 1218 1251 1291 ut).

195 1318 279 1374 ctoris
294 1319 403 1383 ardens,
417 1318 490 1373 velut
502 1317 624 1388 quedam
641 1315 760 1387 gentium
777 1313 912 1386 primitiae,
930 1313 984 1368 lieo
1071 1307 1117 1364 Sic
1142 1325 1194 1363 non
1226 1311 1326 1380 aperuit
1344 1327 1373 1365 os
1389 1327 1477 1366 ruam.
1497 1310 1565 1366 Cum
1590 1312 1617 1367 in
1629 1312 1756 1383 passione
1773 1327 1823 1368 rua

195 1411 294 1465 meruit
318 1411 483 1477 consecrari,
500 1411 528 1465 in
554 1425 608 1480 quo
631 1409 806 1480 spiritualiter
829 1407 984 1463 illudPsal-
1034 1398 1121 1455 Pilato
1135 1408 1163 1454 01
1175 1400 1348 1471 pontiuctbus
1374 1415 1472 1471 pauca,
1491 1399 1589 1456 flemtfi
1617 1400 1690 1456 ”⁰¹1³
1711 1416 1826 1472 respon-

193 1502 282 1555 mistue
311 1500 473 1572 completum
497 1508 559 1555 est:
575 1499 713 1571 AEtltiopia
728 1500 866 1571 preveniat
891 1516 985 1555 manus
1034 1489 1099 1546 dere
1114 1489 1230 1545 tolebal-

191 1589 318 1661 ejusden
341 1589 534 1665 (Pariunt).
1069 1577 1104 1633 la
1126 1578 1274 1634 humilitate
1292 1579 1424 1649 judicium
1454 1582 1511 1650 ejas
1528 1581 1661 1637 satiatum
1683 1591 1732 1636 εει.
1753 1579 1822 1649 Quia

232 1684 271 1735 Ad
288 1683 355 1737 uiam
378 1700 437 1754 pure
451 1685 583 1739 descendit
604 1685 636 1738 ab
652 1683 817 1739 Hierusalem
830 1685 857 1738 in
872 1681 982 1749 Garum,
1032 1667 1114 1737 5⁰¹¹&
1136 1669 1257 1723 ⁰¹¹¹¹¹l¹¹¹¹¹
1282 1669 1446 1739 judiciinou
1475 1673 1575 1740 rePilit
1606 1672 1824 1736 Wlffllssmtssed

191 1775 248 1828 tte-c
264 1783 301 1827 est
315 1774 429 1840 deserto,
445 1783 497 1831 etc.
518 1775 577 1830 Non
592 1776 645 1840 tia,
664 1777 712 1832 sed
728 1776 801 1832 Gaza
822 1776 930 1831 deserta
943 1777 984 1831 di·
997 1748 1021 1806 B
1034 1762 1137 1831 absque
1148 1762 1199 1815 ⁰¹¹³
1216 1762 1294 1833 ⁰¹¹¹P³
1307 1763 1442 1819 ⁵0dls1⁰¹¹⁰
1456 1761 1612 1819 'Udiwfflffl
1623 1772 1650 1820 ⁸¹
1662 1764 1741 1820 ΡΜ
1757 1779 1825 1820 *⁰⁰⁰

189 1864 272 1923 citur.
290 1862 372 1924 lletus
384 1865 455 1918 enim
471 1864 516 1920 illa
529 1864 613 1930 Gaea,
627 1882 687 1936 guae
702 1867 834 1922 terminus
847 1867 983 1937 quondam
1034 1854 1178 1910 dafflssllus
1189 1861 1240 1910 θεῖ·

88 1947 90 1952 ’
189 1962 252 2010 erat
267 1955 481 2011 chananaeorum
493 1955 573 2025 jutta
587 1956 733 2029 AEgyptum
748 1960 780 2013 aa
796 1958 884 2014 solum
899 1973 984 2029 usque
1068 1956 1269 2013 Generatiottem
1291 1958 1441 2030 'illitaqoia
1470 1961 1628 2017 enarrabit?
1647 1961 1698 2034 (Ex
1726 1960 1824 2031 Beda.)

189 2045 342 2112 destructa,
367 2055 394 2103 et
408 2048 461 2101 alia
484 2063 533 2117 pro
547 2048 592 2103 illa
616 2047 668 2104 alin
685 2049 743 2104 loco
761 2057 916 2105 constructa
930 2058 982 2113 est,
1032 2045 1086 2101 Aut
1097 2046 1130 2101 de
1145 2046 1284 2103 divinitate
1297 2049 1356 2119 ejus
1369 2050 1555 2120 accipiendum
1569 2059 1622 2117 est,
1635 2049 1708 2122 guod
1722 2052 1824 2120 impos·

190 2153 253 2208 quae
273 2136 417 2210 allegorice
429 2139 550 2208 gentium
563 2137 668 2207 plebem
684 2138 813 2209 designat,
828 2137 892 2193 olim
907 2139 984 2195 abel
1032 2135 1111 2192 sibile
1120 2137 1157 2192 sit
1169 2137 1267 2193 diuinae
1295 2139 1448 2195 natiuitatis
1473 2155 1554 2196 nosse
1568 2141 1708 2212 mysteria,
1721 2140 1755 2196 de
1768 2155 1824 2210 qua

191 2230 298 2285 cultura
314 2232 460 2295 desertam,
474 2246 562 2301 neque
576 2230 656 2286 ullius
670 2233 865 2302 prophetarum
880 2233 981 2304 praedi·
1032 2225 1113 2281 Ptltr
1132 2225 1273 2295 loquitur:
1292 2228 1359 2282 Ante
1386 2228 1539 2298 Luciferam
1568 2231 1646 2301 gestui
1662 2239 1703 2294 te,·
1728 2238 1777 2284 Νι
1790 2229 1825 2285 dt

193 2321 347 2376 nationibus
371 2321 519 2377 excutiam.
534 2319 582 2376 tta
597 2335 661 2376 tero
688 2336 747 2392 quae
760 2321 794 2375 aa
809 2323 933 2378 eamdem
949 2323 983 2379 ab
1032 2324 1111 2385 partu
1126 2316 1248 2388 virginis,
1273 2317 1344 2388 ottod
1362 2317 1508 2374 dificulter
1536 2320 1622 2390 possit
1648 2322 1759 2391 exponi.
1775 2335 1825 2375 cu·

193 2409 386 2482 Hierosolymis
418 2411 596 2477 descendens,
626 2410 727 2467 sontem
757 2412 851 2468 salutis
876 2416 984 2483 aperuit
1020 2405 1074 2475 ius
1092 2407 1221 2464 talionem
1242 2407 1334 2464 Mttiae
1350 2411 1681 2482 tluaertnlltttrtngeluttt
1698 2411 1822 2467 dicitur:

193 2501 323 2558 boninus
348 2501 428 2557 tesus
458 2501 583 2559 cbristus
600 2510 641 2558 est
653 2503 698 2573 qut
713 2503 771 2559 att:
786 2502 842 2573 tego
853 2521 911 2558 sm
929 2506 981 2571 na,
1032 2493 1146 2563 sputum
1173 2507 1279 2552 ranem
1294 2500 1454 2570 superveniet
1470 2500 1498 2554 in
1512 2509 1546 2566 te.
1570 2508 1601 2554 m
1613 2500 1656 2556 vet
1676 2500 1711 2556 ab
1724 2502 1823 2571 angero

193 2593 297 2658 ueritus,
316 2602 341 2664 et
354 2593 406 2647 cito
419 2593 508 2666 (ioan.
525 2594 592 2665 mv),
606 2595 669 2665 quia
684 2610 800 2666 superna
813 2595 982 2653 Hierusalem
1031 2587 1074 2642 rel
1086 2589 1251 2660 evangelista
1276 2597 1380 2644 tantum
1408 2590 1559 2647 nativitatis
1572 2590 1631 2660 ejus
1646 2597 1822 2646 sacramenta

192 2682 225 2736 ad
241 2690 334 2737 nostra
349 2681 456 2737 infirma
476 2684 624 2740 descendit.
1026 2678 1166 2744 dicantur,
1181 2678 1259 2750 cuius
1270 2688 1396 2735 narrator
1411 2680 1568 2736 rarissimus
1581 2688 1633 2736 est.

226 2771 261 2825 m
273 2790 330 2827 ecce
342 2773 382 2828 uir
395 2772 519 2844 AEtltiops
544 2776 681 2830 eunuchus
694 2785 795 2847 potens.
816 2777 868 2832 Pro
882 2778 982 2832 virtute
1069 2790 1202 2857 Quoniam
1218 2791 1366 2848 relicturae
1382 2801 1453 2847 terra
1467 2793 1521 2847 nito
1540 2776 1618 2864 ajars
1630 2792 1679 2865 (lit
1696 2791 1823 2867 Hieron.)
1873 2806 1877 2811 '

191 2876 218 2922 el
235 2867 390 2938 integritate
402 2868 509 2932 meniis,
524 2868 566 2922 vit·
582 2868 741 2938 appellatur.
758 2869 812 2924 Nec
834 2871 980 2935 immerito,
1033 2880 1069 2937 Ut
1084 2881 1295 2952 neqrtaquamin
1310 2889 1392 2946 terra,
1409 2881 1456 2936 sed
1484 2883 1510 2937 iu
1525 2881 1595 2938 coelo
1621 2884 1733 2940 vivet-et,
1764 2883 1824 2942 flou

192 2962 357 3032 quitantum
386 2961 504 3016 studium
520 2960 546 3015 itt
564 2959 713 3031 Scripturis
743 2960 870 3028 babebat,
890 2970 982 3017 uteas
1032 2971 1188 3026 testimonio
1200 2986 1261 3028 eum
1274 2972 1302 3027 in
1312 2972 1426 3028 Actibus
1436 2972 1626 3044 Apostolorum
1640 2975 1741 3048 regina
1752 2975 1825 3033 Can·

191 3051 274 3104 ctiam
288 3050 316 3105 in
330 3051 371 3104 via
383 3048 474 3120 legere
493 3064 545 3103 non
560 3049 693 3104 cessabat.
712 3049 884 3120 Tantumque
910 3067 982 3107 amo
994 3100 1016 3163 C
1032 3061 1109 3117 tracis
1121 3063 1263 3117 eunuchus
1282 3063 1501 3135 redargueretur,
1523 3071 1552 3117 et
1563 3063 1655 3135 legens
1672 3078 1725 3120 uon
1741 3064 1825 3122 intel·

192 3142 231 3194 ris
246 3139 273 3193 in
286 3138 416 3209 religione
429 3138 550 3208 gerebat,
578 3139 682 3194 uteula
706 3140 780 3212 regia
795 3139 935 3208 derelicta,
948 3144 981 3199 de
1032 3153 1137 3224 ligaret,
1161 3153 1357 3223 interpretante
1383 3150 1507 3224 Philippo
1528 3167 1610 3224 snper
1635 3155 1774 3226 passione,
1796 3165 1827 3211 et

192 3231 293 3293 ultimis
305 3229 397 3287 mundi
411 3229 534 3300 Plilibus
547 3225 651 3286 ι’θῦῑῐθῑ
669 3231 702 3285 ³¹¹
714 3232 843 3301 templum
861 3233 978 3291 mmini-
1032 3245 1141 3301 nomine
1153 3243 1313 3310 Salvatnris,
1327 3243 1460 3300 intellexit
1479 3253 1507 3300 ει
1521 3246 1613 3301 statim
1626 3247 1780 3317 baptizatus
1792 3248 1822 3304 iu

196 3320 272 3379 Unde
293 3321 366 3394 1¹¹Sil
385 3319 519 3385 mercede·
536 3321 599 3376 dum
625 3322 723 3391 lflaelii
748 3322 922 3393 initflleltm
942 3324 980 3379 lt·
1031 3337 1093 3408 agni
1117 3336 1258 3408 sanguine,
1276 3350 1358 3406 quern
1375 3335 1494 3407 legebat,
1508 3337 1551 3391 vir
1565 3330 1664 3393 meruit
1678 3337 1823 3412 appellari.

191 3412 289 3468 ctionis
307 3410 454 3474 Christum,
467 3427 547 3482 quem
574 3410 712 3482 quaerebat
726 3412 839 3479 invenit,
853 3414 978 3484 plusque,
1031 3426 1063 3481 Ει
1077 3425 1215 3496 spostolus
1228 3426 1301 3498 genti
1315 3424 1473 3497 AEthiopum
1493 3428 1593 3483 missus
1605 3435 1657 3483 eet,
1673 3427 1725 3496 Qut
1738 3428 1825 3501 igitur

191 3512 221 3559 ut
234 3503 413 3574 llieronymus
426 3506 473 3567 ait,
491 3504 518 3558 iu
536 3504 645 3559 deserto
659 3504 733 3562 lontu
747 3505 884 3571 Ecclesiae,
898 3522 980 3577 quant
1030 3518 1136 3575 optatus
1150 3527 1192 3575 est
1204 3518 1301 3584 Pilato,
1313 3519 1375 3588 quta
1385 3518 1442 3590 ipse
1454 3518 1548 3584 votuit,
1562 3526 1590 3575 et
1603 3534 1656 3574 non
1670 3519 1824 3590 mpondtt,

191 3597 217 3653 itt
233 3604 328 3652 aurato
344 3612 486 3669 synagogae
503 3596 603 3667 templo
629 3599 739 3668 reperit.
758 3598 796 3655 lbi
815 3600 887 3655 euim
905 3601 979 3670 quod
1031 3617 1061 3664 ut
1074 3609 1224 3679 patibulum
1240 3624 1290 3680 pro
1313 3609 1393 3664 nobis
1418 3608 1563 3664 damnatus
1578 3608 1825 3682 ascenderemus

191 3686 323 3742 ieremias
337 3687 495 3743 admirando
512 3687 702 3758 proloquitur:
719 3689 829 3746 Mutant
855 3689 979 3761 AEthiopt
1031 3697 1102 3753 sicut
1115 3697 1175 3752 otis
1190 3695 1224 3752 ad
1239 3696 1402 3753 occisionem
1417 3695 1515 3753 duetus
1537 3705 1590 3762 est,
1603 3703 1632 3753 et
1644 3697 1720 3768 quasi
1735 3712 1825 3771 agnus

191 3782 282 3859 pellem
302 3798 377 3837 tuam
392 3778 500 3853 (ierem.
513 3781 584 3853 stu),
598 3782 624 3836 id
638 3791 690 3849 est,
705 3785 785 3839 sorde
807 3792 979 3854 peccatorum
1030 3802 1121 3843 coram
1134 3788 1261 3843 tondente
1278 3787 1421 3843 obmutuit.
1437 3787 1543 3845 Etenim
1568 3785 1674 3844 Pascha
1696 3796 1824 3848 nostrum

192 3873 282 3932 abluta
296 3873 329 3927 de
341 3872 449 3927 lavacro
463 3869 526 3928 iesu
541 3872 681 3929 dealbatus
695 3875 826 3930 ascendit.
1030 3879 1185 3935 immolatus
1210 3888 1254 3936 est
1277 3880 1401 3936 Christus
1415 3879 1441 3952 (l
1453 3878 1517 3935 Cor.
1529 3880 1572 3950 tl;
1589 3895 1670 3951 quent
1701 3878 1825 3938 loannes

226 3962 357 4020 Candoris
381 3965 478 4035 repieta
500 3963 665 4036 AEthiopom.
687 3967 720 4022 Et
733 3967 761 4022 in
782 3966 885 4039 llegum
909 3968 979 4023 libro
1030 3975 1150 4047 Baptista
1182 3975 1361 4038 monstrabat,
1379 3972 1575 4030 dicenszllcce
1590 3991 1676 4046 ugare
1688 3973 1750 4042 bet,
1762 3991 1824 4030 rear

191 4056 306 4127 legimus
318 4055 381 4125 quia
394 4055 485 4126 regina
500 4054 592 4111 Austri
611 4048 712 4111 tenita
728 4054 827 4111 linibus
843 4063 922 4112 terre
934 4073 980 4111 au·
1029 4067 1074 4137 qut
1089 4064 1157 4120 toltit
1168 4074 1274 4134 peecata
1290 4064 1381 4118 mnndi·
1407 4063 1498 4137 (toan,
1517 4065 1549 4136 t).
1567 4064 1619 4133 Qui
1631 4072 1661 4121 et
1672 4065 1701 4121 tn
1715 4065 1825 4137 Am.

191 4149 249 4205 dire
276 4150 435 4221 sapientiam
463 4149 625 4205 Salomonis.
653 4150 736 4205 Molis
760 4148 859 4220 quippe
876 4147 978 4203 suitilli
1030 4155 1223 4227 lypsiloannis
1238 4154 1423 4225 evangelistae,
1438 4155 1730 4226 agnusooeiguggaepg
1743 4169 1824 4210 mogi.

191 4240 292 4297 uatioui
305 4256 412 4313 semper
424 4258 440 4296 a
451 4241 558 4298 leminis
577 4244 645 4314 regi,
659 4256 759 4312 easque
777 4241 916 4297 Cattdaccs
927 4257 978 4312 ap·
1030 4256 1135 4303 stratur
1149 4248 1241 4320 (Aper.
1251 4245 1291 4318 tl,
1306 4247 1352 4317 gui
1368 4247 1402 4301 de
1414 4247 1504 4317 seipso
1516 4246 1636 4317 loquitur
1645 4247 1673 4301 in
1682 4245 1823 4303 Ieremia:

190 4331 293 4404 pellani.
1030 4337 1086 4409 Ego
1101 4345 1189 4392 autem
1208 4335 1279 4390 sicut
1304 4350 1389 4405 agnus
1414 4335 1553 4402 innocens,
1572 4340 1600 4388 et
1612 4334 1710 4391 ductos
1732 4333 1768 4389 ad
1781 4333 1824 4388 vi·

228 4421 280 4487 Qur'
309 4433 365 4477 erat
382 4440 459 4494 super
483 4442 571 4480 omne,
605 4441 685 4495 pugg
708 4425 775 4495 ejice,
803 4433 855 4481 etc,
877 4416 1147 4508 Reginanclilllallh
1164 4416 1319 4472 nesciebant
1351 4418 1480 4488 (lenti).
1502 4418 1571 4472 Cuttt
1600 4433 1674 4473 enlm
1699 4421 1824 4478 limite!

189 4507 348 4581 AEtltiopum
364 4513 560 4567 thesaurarium
578 4514 745 4584 premittens
759 4514 786 4567 iu
800 4513 977 4578 Hierusalem,
1025 4518 1181 4579 peccatum,
1198 4523 1248 4578 pro
1263 4509 1343 4566 nobis
1355 4520 1498 4581 peecatum
1515 4511 1606 4566 lactus
1618 4520 1662 4567 est
1688 4510 1736 4582 (ll
1754 4512 1822 4571 Gor,

191 4601 311 4672 genitium
328 4601 452 4671 designat
465 4601 626 4670 Ecclesiam,
646 4603 775 4658 virtutum
794 4603 910 4672 lldcique
923 4601 977 4657 llo·
1025 4601 1064 4672 r),
1084 4611 1111 4656 et
1126 4602 1198 4658 sicut
1213 4617 1299 4673 agnus
1313 4617 1376 4658 curn
1391 4603 1541 4659 tlttcituratl
1554 4604 1694 4659 victimam
1707 4619 1766 4660 non
1777 4621 1824 4661 re·

191 4692 265 4748 mino
277 4692 347 4749 dona
362 4693 486 4749 laturam.
500 4694 552 4751 Sed
566 4704 594 4751 et
605 4697 721 4752 nominis
740 4696 903 4768 etymologia
914 4712 978 4752 con·
1025 4707 1140 4767 pugnat,
1158 4698 1198 4752 sic
1208 4697 1263 4752 illic
1277 4698 1387 4767 propria
1401 4713 1498 4766 passus
1511 4707 1554 4753 est
1569 4700 1721 4765 uoluntate,
1732 4708 1764 4755 nt
1774 4700 1824 4756 ds·

191 4787 274 4842 uenit.
294 4787 387 4843 Potest
401 4790 473 4844 enim
483 4788 616 4847 Candacis
631 4807 665 4847 et
681 4792 794 4848 llebraeo
815 4799 978 4847 communita
1026 4799 1147 4846 strueret
1162 4805 1237 4855 eum,
1254 4790 1301 4858 qui
1316 4790 1435 4846 babebat
1446 4791 1544 4846 mortis
1559 4792 1720 4861 imperium,
1728 4790 1823 4845 bunti-

191 4880 374 4950 interpretari.
391 4880 450 4951 lpsa
461 4884 559 4954 quippo
572 4892 623 4948 est,
639 4884 682 4939 etti
698 4885 726 4938 iu
751 4883 859 4939 Psalmo
873 4898 923 4952 pro
935 4883 979 4938 his
1026 4879 1096 4934 liaus
1112 4895 1141 4933 se
1163 4893 1251 4950 usgue
1264 4880 1297 4935 ad
1314 4893 1441 4942 mortum,
1454 4891 1483 4936 et
1496 4891 1611 4935 trtortettt
1624 4883 1717 4938 erneis
1734 4877 1823 4952 teat.

190 4972 236 5041 otti
266 4974 502 5028 cottttnutubuntur
528 4976 556 5030 in
583 4975 723 5046 Scriptura
748 4974 869 5030 dicitur:
895 4975 976 5040 dudi,
1026 4977 1067 5053 tt).
1084 4972 1293 5044 llioagnusest,
1305 4973 1331 5028 itt
1344 4976 1423 5046 cujus
1435 4987 1499 5045 ttpo
1510 4975 1706 5033 inimolabatttr
1722 4990 1823 5045 agunt,

189 5060 256 5130 filiu,
272 5070 295 5114 et
318 5061 385 5126 ride,
405 5071 428 5117 et
445 5062 543 5118 inclino
567 5081 658 5120 aurem
680 5074 763 5130 tacut,
781 5071 805 5118 et
829 5062 977 5119 obiit-iacere
1027 5065 1106 5136 cujus
1120 5066 1291 5123 cruorditos
1311 5067 1473 5136 inpostibus
1487 5071 1731 5123 exterminatorem
1745 5066 1824 5139 luga·

186 5152 314 5229 populum
327 5163 401 5208 tuum
422 5168 445 5209 et
456 5155 562 5210 donnum
574 5156 657 5227 putris
671 5157 720 5210 tati.
1030 5160 1075 5212 bat
1090 5155 1211 5227 AEgypti,
1226 5158 1271 5224 qui
1289 5173 1345 5212 nott
1360 5159 1449 5213 tolum
1460 5161 1594 5228 sauguine
1605 5174 1657 5214 suo
1672 5173 1724 5214 nos
1735 5162 1825 5216 rarle-

224 5242 298 5298 Dixit
311 5255 399 5299 uatem
410 5248 518 5317 spiritus
530 5246 653 5317 Philippo
666 5260 674 5298 :
688 5245 787 5304 Accede
797 5254 821 5301 et
833 5245 977 5316 adjungere
1028 5249 1089 5313 tuit,
1103 5250 1150 5304 sed
1164 5259 1190 5305 et
1204 5250 1275 5304 lanis
1288 5250 1408 5320 operuit,
1423 5260 1453 5305 ut
1465 5252 1587 5319 algentes
1599 5251 1674 5306 iuiid·
1684 5249 1753 5325 litat⁸
1780 5265 1825 5320 pta

190 5336 350 5396 adcurrunt
374 5337 463 5403 istuis,
488 5347 541 5392 etc.
562 5335 591 5392 ln
618 5338 699 5392 corde
726 5338 838 5408 spiritus
854 5337 977 5407 Philippo
1029 5351 1104 5396 teste
1119 5341 1293 5407 calefaceret,
1318 5351 1345 5397 ει
1357 5342 1518 5397 audirettms
1530 5344 1692 5414 Apostolum
1705 5343 1826 5414 loquen-

190 5429 361 5498 loquebatur.
379 5428 493 5499 Seritui
508 5429 581 5483 euim
596 5426 646 5484 bet
665 5429 742 5497 qttasi
757 5429 882 5500 quaedam
897 5428 977 5482 nohis
1029 5443 1083 5486 tent
1098 5432 1152 5487 nob
1165 5448 1196 5488 s:
1212 5432 1347 5504 Quotquot
1358 5438 1385 5489 ia
1396 5434 1503 5490 Christo
1519 5435 1649 5505 baptizoti
1660 5438 1736 5500 estis,
1746 5435 1827 5494 ctut-

192 5523 273 5577 verba
295 5520 386 5577 lacere
399 5529 451 5587 est,
476 5519 583 5575 occultu
611 5520 648 5584 ti,
663 5529 691 5573 et
713 5520 894 5592 peragenda
914 5529 977 5575 sunt
1029 5538 1100 5582 ‚turn
1121 5529 1245 5581 ittduistt'a
1257 5528 1330 5599 (Gal.
1348 5531 1402 5594 tu).
1419 5529 1452 5584 Et
1468 5530 1496 5584 itt
1516 5529 1660 5585 alioloeo:
1676 5526 1827 5586 induimini

192 5609 327 5669 intimare.
1028 5619 1163 5674 cariatum
1193 5619 1282 5674 tetum
1304 5619 1390 5690 tllont.
1407 5626 1479 5690 rut).
1500 5621 1578 5690 Quod
1598 5637 1663 5677 vero
1675 5624 1825 5694 sequitur:

227 5699 359 5773 l'mrptom
375 5703 428 5759 oris
444 5701 477 5756 od
490 5703 643 5760 occisionem
655 5704 748 5760 ductio
760 5713 806 5761 cst.
828 5703 902 5760 Sicut
918 5703 976 5761 otis
1028 5714 1066 5773 tte
1084 5714 1209 5785 angttstia
1233 5715 1306 5773 etde
1319 5716 1425 5788 judicio
1441 5716 1705 5784 subtercrescens
1722 5726 1752 5772 ut
1774 5715 1827 5779 Se.
