3810 6120
195 288 246 350 ιιι

835 287 1013 346 SllAlllel
1033 281 1177 340 abbans

1785 284 1836 340 rto

194 421 307 478 pauper,
330 404 486 468 similises,
503 403 558 459 stre
577 404 686 468 nobilis,
703 404 759 458 sne
774 404 911 474 ignobilis,
933 416 986 454 nou
1002 405 1025 461 Λ
1040 399 1153 451 Domino
1172 397 1313 466 annaliter
1324 394 1473 463 bajulamus
1488 414 1495 449 ι
1512 397 1574 466 quia
1595 395 1721 467 utramvis
1745 412 1834 467 aeqrta·

194 506 238 550 cst
259 496 293 548 ab
314 495 411 547 abbae
432 493 661 553 discernendum,
691 494 738 545 sed
764 504 987 560 unanrqncmqnc

195 586 341 639 seenndurn
361 584 423 637 tine
435 598 490 637 snae
510 585 588 637 dcam
604 584 644 636 rel
660 585 806 652 castigare.
827 585 868 637 rel
894 597 989 636 anrare

197 676 335 729 metitum.

232 762 292 816 Non
316 781 384 816 nrtrts
397 763 456 832 plns
476 773 577 815 nanetnr
599 780 678 834 qnam
704 762 785 826 nlirts,
806 764 855 816 nrsi
871 773 948 833 nitent
961 763 989 815 ιιι

195 854 269 907 lonis
295 855 396 907 actibus
426 863 471 907 eut
501 852 650 906 obedientie
683 855 808 907 irruenerr't
841 852 987 905 meliorem.

196 945 291 1000 llcrito
317 946 350 999 ab
365 944 462 999 abbate
479 960 528 999 suo
544 946 691 998 rnonaelms
714 945 820 998 ceteris
834 944 893 1014 plus
915 957 990 995 anta·

196 1043 248 1098 tur,
264 1036 310 1104 qui
323 1035 349 1088 in
364 1035 443 1088 bonis
456 1035 561 1088 actibus
576 1042 604 1088 et
620 1035 773 1088 obedentia
796 1035 892 1088 melior
906 1042 988 1087 cacte-

196 1123 234 1176 ris
248 1122 396 1176 invenitur.
411 1120 487 1176 lnstc
500 1122 601 1175 etenim
627 1122 672 1175 illo
687 1123 720 1175 ab
744 1123 853 1176 bomine
867 1122 990 1192 diligitur

196 1211 289 1276 horno,
304 1212 349 1280 qni
374 1212 454 1266 bouis
466 1212 596 1280 operibus
618 1219 644 1265 et
658 1221 752 1266 saneta
772 1213 926 1266 obediontia
942 1211 991 1265 lto-

196 1311 308 1357 noratnr
325 1319 340 1356 a
362 1303 427 1357 Deo.
444 1303 561 1359 Necesse
574 1312 625 1367 cst,
642 1305 770 1373 inquam,
786 1311 816 1357 ιιι
834 1320 927 1357 amore
942 1302 990 1356 tali

196 1392 327 1464 diligatur
338 1396 427 1457 borno,
449 1396 494 1464 qui
510 1396 544 1449 ab
560 1396 706 1450 immortali
720 1395 840 1464 diligitur
857 1395 922 1448 beo.
937 1394 990 1448 Pro

195 1488 268 1541 eninr
290 1487 447 1542 [telamone
477 1501 507 1541 se
525 1486 587 1539 talis
613 1487 761 1540 mouaclrns
785 1500 840 1554 prm
865 1487 991 1540 omnibns

196 1578 356 1632 obedientiae
383 1579 489 1643 subdit,
518 1585 546 1631 et
575 1577 601 1630 in
631 1578 709 1631 bunis
729 1578 855 1631 omnibus
884 1577 991 1631 actibus

196 1677 320 1731 exercet,
351 1674 379 1721 et
400 1667 460 1721 idco
482 1666 516 1719 ab
537 1666 636 1719 abbate
660 1681 717 1736 prae
739 1666 864 1721 onmibus
891 1663 990 1718 nterilo

196 1753 318 1823 diligitur
337 1763 364 1808 et
384 1761 500 1807 amatur.

232 1843 294 1897 Non
310 1847 467 1898 concedenti
486 1846 639 1898 cesseritis
659 1855 829 1914 preponatur
847 1845 987 1914 ingennus,

196 1936 247 1989 nisi
259 1935 313 1988 elin
329 1935 492 1989 rationabilis
504 1952 584 1988 cansa
598 1938 709 1989 existet:
719 1933 796 2000 erod
807 1936 829 1989 ri
839 1935 875 1988 itu
883 1935 990 2004 justitie

195 2024 311 2078 dicturtte
323 2023 416 2078 abbiate
432 2026 516 2078 uisitur
530 2023 609 2095 [eterit
619 2066 625 2087 ,
637 2035 661 2079 et
684 2025 717 2079 de
735 2025 874 2094 crtjttslt'bet
895 2025 986 2078 ordine

196 2113 223 2167 td
238 2115 329 2182 [reiut.
344 2113 391 2168 Sin
403 2114 481 2179 alies,
490 2117 598 2184 proprie
612 2124 718 2168 teneant
729 2115 796 2168 loco.
810 2115 885 2182 erol
897 2123 988 2169 autern

196 2203 272 2266 dicit,
287 2219 339 2256 non
354 2214 527 2273 praeponatur
540 2204 674 2273 ingenuas
698 2219 793 2267 servo,
811 2203 991 2273 subintelligi.

197 2300 251 2356 tur,
268 2291 295 2344 in
316 2292 422 2356 ordine,
438 2293 480 2347 rel
500 2294 660 2347 ministerio.
678 2293 735 2348 Non
759 2301 913 2362 propterea,
926 2294 990 2363 qnia

200 2384 334 2454 ingenuus
348 2392 398 2452 cst,
415 2392 461 2437 aut
477 2387 644 2455 superiorem
659 2386 762 2440 ordinis
785 2393 876 2440 teneat
889 2385 989 2451 locum,

197 2476 402 2544 autprmpositi,
422 2476 462 2529 vel
480 2477 574 2530 decani
600 2486 689 2531 teneat
711 2477 910 2542 ministerium,
935 2477 991 2532 nisi

197 2565 251 2619 alia
276 2566 443 2621 rationabilis
468 2582 550 2621 causa
576 2569 686 2622 existat.
717 2568 898 2622 ilationabilis
918 2569 991 2623 enim

198 2670 281 2708 cansa
294 2664 336 2709 cst
349 2667 379 2708 nt
398 2656 432 2722 is,
448 2656 493 2724 qui
508 2657 535 2710 ιιι
559 2656 679 2712 Ecclesia
695 2657 792 2710 melius
812 2665 903 2727 potest
924 2672 991 2712 can·

201 2753 260 2797 tare
272 2751 300 2797 et
313 2743 412 2813 legere,
427 2744 468 2800 rel
492 2760 572 2799 omne
587 2744 703 2800 ollieinm
718 2745 840 2815 implere,
863 2745 911 2799 tali
926 2760 991 2801 con-

197 2849 265 2904 gruo
277 2835 460 2890 constituatur
474 2835 544 2899 loeo,
558 2841 589 2890 ιιι
598 2836 679 2906 digne
696 2837 783 2905 pessit
795 2835 863 2889 iilud
878 2834 992 2905 implere

198 2924 326 2979 odicium.
342 2925 414 2980 Etsi
428 2926 465 2979 ita
487 2934 530 2981 est
545 2925 722 2995 intelligentia
744 2924 871 2979 rationali
894 2925 992 2994 praedi·

199 3026 254 3081 tas,
269 3025 295 3071 et
313 3019 406 3081 serbo,
421 3025 449 3072 ct
463 3018 591 3087 operibns
604 3017 735 3080 eruditus,
754 3025 784 3071 nt
796 3017 914 3071 decanus
928 3031 992 3085 pos-

1040 488 1101 541 liter
1130 505 1183 541 non
1208 503 1338 550 svmens,
1357 484 1451 557 jugam
1471 487 1579 542 bomini
1605 502 1689 541 snare
1709 496 1738 542 et
1766 504 1836 543 onus

1039 580 1097 648 eius
1119 579 1176 631 leve
1192 578 1217 630 in
1242 575 1357 646 regulari
1375 578 1431 630 uita
1446 577 1574 646 degentes
1601 578 1747 646 aerrratner
1772 595 1834 648 pro·

1040 672 1163 725 misimus
1191 677 1219 724 et
1240 671 1412 724 sustinemus.
1438 670 1503 737 Quare
1528 669 1660 740 regularis
1681 670 1747 731 sita,
1772 685 1835 739 qrrae

1039 761 1084 815 bic
1095 769 1207 814 vocatur
1228 760 1336 822 militia,
1351 759 1385 813 ab
1396 759 1522 813 omnibns
1535 758 1677 813 monacbis
1689 762 1835 828 aerprraliter

1039 860 1082 906 est
1096 852 1258 913 tenendam
1269 865 1319 904 nec
1329 866 1344 904 a
1356 850 1452 911 serris,
1467 864 1539 904 neca
1551 850 1654 915 liberis,
1663 867 1713 905 nec
1727 867 1744 904 a
1757 852 1832 920 prio·

1041 942 1124 1002 ribus,
1144 956 1220 995 neca
1240 941 1391 994 minoribus
1414 939 1557 1007 stuprando
1573 940 1689 994 licenter
1702 949 1748 995 est
1769 941 1830 995 rio·

1040 1030 1129 1083 landa.
1141 1029 1206 1083 Etsi
1216 1042 1326 1099 propter
1338 1028 1511 1098 fragilitatem
1525 1031 1714 1084 bumaaamab
1725 1047 1760 1086 ea
1771 1047 1833 1088 con-

1040 1120 1132 1187 tigerit
1147 1119 1259 1183 deviari,
1277 1134 1291 1172 a
1307 1134 1442 1188 qrroqnam
1457 1134 1511 1172 una
1535 1121 1695 1174 emendetur
1720 1137 1834 1179 neeesse

1040 1215 1082 1261 est
1093 1206 1263 1274 penitentia,
1272 1214 1299 1260 ct
1312 1222 1363 1260 rrna
1376 1207 1668 1263 teneatnriuomnibns
1677 1209 1833 1279 disciplina.

1042 1297 1118 1352 Unde
1133 1306 1160 1350 ct
1171 1308 1266 1366 aperte
1279 1299 1414 1366 seqnitur.

1078 1388 1147 1453 Quin
1174 1405 1226 1441 non
1253 1398 1291 1441 est
1315 1405 1488 1458 personarum
1517 1390 1633 1460 receptio
1656 1393 1728 1461 opud
1753 1391 1835 1448 Deum

1043 1478 1120 1551 (det.
1134 1481 1175 1551 ιι).
1184 1479 1238 1534 Nos
1253 1496 1384 1549 personas
1396 1483 1562 1551 accipientes
1573 1484 1764 1549 discernimus,
1771 1489 1834 1557 gnis

1041 1573 1182 1629 uenientes
1197 1573 1223 1626 in
1236 1574 1287 1628 boc
1303 1574 1430 1629 seculum
1450 1574 1583 1630 discretas
1597 1591 1646 1631 eas
1670 1578 1834 1636 inveniende

1041 1663 1113 1719 Dens
1127 1673 1217 1718 annm
1233 1666 1278 1734 qui
1293 1667 1472 1722 universosin
1485 1667 1561 1722 initio
1576 1668 1671 1724 alcano
1682 1670 1795 1725 bornine
1808 1680 1837 1726 et

1000 1751 1091 1810 Buna
1106 1755 1263 1811 conditione
1285 1757 1400 1820 crearit,
1424 1772 1555 1827 personas
1580 1774 1630 1813 nec
1650 1761 1768 1829 accipit,
1785 1778 1836 1818 trec

1040 1844 1183 1910 discernit,
1207 1847 1256 1901 sed
1280 1863 1499 1917 unnnnprerunue
1513 1851 1663 1904 seeundum
1680 1865 1767 1920 epora
1787 1868 1835 1907 san

1039 1934 1082 1987 nel
1094 1935 1214 2002 damnat,
1231 1937 1426 2005 reljnstisreat.
1452 1939 1567 2009 injustos
1583 1950 1674 1997 antem
1696 1941 1784 2011 juste,
1806 1952 1836 2000 et

1041 2022 1138 2078 merito
1153 2024 1272 2083 detranat.
1295 2026 1387 2084 lustos
1407 2044 1473 2084 vern
1487 2031 1757 2097 misericorditer,·et
1775 2051 1835 2106 gra·

1042 2112 1257 2182 tuitanstibeat.
1280 2115 1353 2182 Quos
1369 2117 1395 2170 in
1410 2119 1501 2195 pratris
1515 2120 1645 2189 operibns
1659 2125 1779 2191 superbe
1792 2125 1833 2178 ri·

1041 2211 1136 2258 rentes
1156 2204 1276 2267 invenit.
1304 2207 1438 2273 bunriliat,
1455 2217 1483 2263 et
1499 2211 1670 2265 condemnat.
1693 2212 1770 2278 Qtros
1789 2229 1835 2269 att·

1042 2302 1095 2349 tem
1111 2296 1228 2350 inbonis
1248 2299 1353 2353 actibus
1375 2299 1513 2355 humiliter
1527 2301 1648 2356 viventes
1663 2301 1779 2369 invenit,
1795 2321 1834 2359 re

1041 2371 1177 2451 munerat,
1193 2387 1304 2441 exaltat.
1324 2388 1401 2443 Unde
1416 2397 1443 2443 ct
1455 2370 1502 2444 bic
1519 2391 1659 2459 seqnitur:

1078 2474 1250 2531 Solummorlo
1263 2478 1291 2531 in
1313 2477 1362 2531 itur
1383 2489 1457 2545 purte
1467 2480 1537 2548 opud
1550 2480 1635 2550 ipsum
1648 2480 1835 2548 discernimur,

1041 2565 1064 2619 ti
1085 2565 1206 2620 rneliores
1223 2566 1283 2621 eliis
1301 2569 1328 2622 in
1348 2569 1468 2640 operibus
1491 2569 1564 2624 bonis
1587 2581 1611 2625 et
1632 2570 1746 2626 inutiles
1768 2579 1835 2625 inre-

1042 2661 1157 2712 niemnr.
1174 2658 1202 2713 ln
1216 2660 1259 2715 bis
1282 2661 1386 2715 duabus
1400 2661 1480 2715 rebus
1501 2677 1609 2730 semper
1619 2661 1677 2717 elec
1691 2662 1700 2716 ι
1714 2676 1731 2715 a
1744 2677 1835 2731 repro·

1042 2750 1086 2804 bis
1112 2751 1313 2816 discernuntur,
1341 2753 1367 2806 ιι
1394 2759 1454 2816 est,
1477 2753 1504 2806 in
1525 2767 1589 2806 vera
1611 2752 1704 2807 cordis
1727 2752 1834 2807 Ιιιιιιιιιι-

1043 2848 1108 2906 tate,
1123 2850 1152 2896 et
1173 2842 1237 2896 boni
1255 2842 1345 2910 operis
1361 2843 1478 2896 actione.
1500 2840 1604 2910 Capitis
1613 2842 1686 2897 enim
1702 2850 1730 2897 et
1742 2857 1836 2911 corpe

1043 2928 1089 2990 ris,
1105 2928 1198 2994 idest,
1222 2929 1323 2985 Christi
1335 2938 1364 2986 ct
1380 2929 1508 2985 Ecclesia
1518 2945 1570 2985 vos
1590 2938 1634 2985 est
1654 2930 1682 2984 ιιι
1705 2930 1833 2986 Psalmo:

1041 3015 1141 3071 ludica
1157 3034 1206 3081 me,
1224 3018 1304 3082 Dens,
1318 3029 1341 3073 et
1359 3019 1476 3073 discerne
1489 3036 1597 3074 causum
1611 3036 1698 3074 neem
1714 3020 1834 3089 degente

199 3107 235 3159 sit
247 3119 320 3168 esse,
333 3104 376 3158 vel
391 3106 561 3173 praepositus,
579 3104 647 3158 nibil
660 3103 697 3158 illi
710 3107 752 3159 vel
767 3105 922 3174 ingenuitas
932 3104 990 3158 oflt-
1004 3105 1027 3168 C
1043 3123 1095 3159 non
1110 3117 1201 3161 sunere
1221 3105 1307 3180 (Psoi.
1321 3109 1398 3177 san).
1412 3108 1546 3180 Nouergo
1560 3110 1689 3165 discernit
1705 3109 1835 3167 beminen

199 3197 265 3260 ciat,
280 3196 323 3250 rel
345 3196 472 3250 servitus.
486 3195 541 3250 Sed
554 3195 577 3248 si
592 3194 763 3250 rationabilis
787 3197 872 3265 exigit
897 3211 991 3262 cansa,

199 3293 229 3339 et
243 3285 270 3338 in
284 3285 379 3339 ordine
400 3285 582 3340 constituatur
595 3285 730 3355 superior,
744 3294 772 3340 et
786 3286 813 3339 ιιι
826 3289 993 3343 monasterio

199 3376 284 3446 prior.
300 3374 363 3429 lime
377 3382 466 3429 antem
482 3390 535 3428 non
549 3383 653 3429 tanturm
668 3375 701 3429 de
724 3375 854 3444 ingenuili
868 3375 911 3430 rel
933 3391 993 3430 ser·

200 3468 245 3521 tili
261 3466 356 3522 ordine
370 3464 522 3521 laciendum
545 3475 597 3532 cst,
611 3466 658 3522 sed
675 3468 709 3521 de
730 3464 874 3534 cujuslibet
886 3468 992 3532 ordine,

200 3557 227 3612 id
239 3566 291 3622 cst,
303 3558 361 3612 sive
376 3557 409 3611 de
425 3557 523 3626 priori,
538 3558 596 3612 sive
608 3559 642 3611 de
655 3557 768 3621 minori,
783 3558 840 3612 sire
853 3557 888 3612 de
901 3573 995 3612 saecr-

200 3649 296 3712 dctali,
311 3649 368 3703 sive
384 3650 416 3702 de
432 3647 586 3713 levitarum,
602 3647 645 3702 vol
659 3648 828 3716 reliquorum
851 3648 947 3703 ordine
966 3649 993 3703 id

201 3738 350 3795 saciat.Sin
364 3747 452 3792 aretem
464 3740 573 3808 propria
586 3747 694 3793 teneam
705 3739 807 3802 loca,id
821 3749 873 3805 est,
882 3749 994 3810 propter

200 3830 330 3899 potentiue
344 3829 384 3883 vel
398 3829 574 3898 ingenuitatis
589 3830 746 3899 dignitatem
766 3831 836 3884 alter
849 3847 903 3884 non
925 3847 994 3901 prae·

201 3934 319 3997 ponatur
331 3924 422 3988 alteri,
438 3925 485 3979 sed
500 3924 686 3994 unusquisque
704 3925 733 3979 in
751 3941 805 3995 qno
818 3925 921 3980 ordinis
935 3926 993 3981 loco

201 4016 285 4078 verrit,
300 4016 326 4068 in
342 4016 401 4083 ipso
415 4022 587 4084 permaneat.

240 4106 308 4171 erin
319 4107 372 4159 sine
384 4122 483 4170 serens,
497 4106 550 4160 sine
562 4105 637 4173 liber,
649 4124 737 4161 omnes
750 4107 778 4161 in
796 4106 900 4161 Christo
912 4124 992 4162 unum
1005 4100 1008 4113 ’

202 4211 303 4250 suerrus.
321 4191 422 4248 Omnes
450 4194 477 4248 in
499 4193 608 4248 cbristo
629 4210 713 4249 unum
735 4210 838 4259 snmus,
861 4197 941 4259 dicit,
966 4197 992 4250 id

202 4293 337 4339 estunam
349 4299 448 4353 corpus
461 4282 574 4338 curisti.
588 4284 634 4339 Sic
651 4286 724 4339 enim
741 4286 794 4340 alio
810 4286 870 4341 loco
893 4285 992 4341 Pardus

203 4373 341 4443 apostolos
355 4375 392 4428 ait
407 4392 414 4427 ι
430 4374 464 4428 ln
484 4389 535 4428 ttno
550 4375 644 4439 spiritu
659 4390 748 4429 ornnes
766 4392 827 4441 nor,
847 4386 871 4430 et
893 4378 920 4430 in
939 4393 991 4430 nne

1045 3198 1199 3267 apersonis
1209 3213 1349 3268 personas,
1364 3199 1391 3254 id
1411 3208 1463 3265 cst,
1484 3200 1598 3256 ascrris
1611 3201 1763 3270 ingenuos,
1785 3200 1832 3257 sed

1043 3285 1079 3340 ab
1090 3287 1218 3355 operibns
1230 3287 1358 3343 discernit
1372 3304 1464 3358 opera,
1485 3297 1513 3346 et
1531 3305 1546 3343 a
1561 3291 1667 3344 meritis
1679 3291 1789 3355 merita,
1807 3298 1837 3346 ut

1043 3377 1190 3446 unicuique
1218 3380 1366 3434 secundum
1384 3380 1486 3450 proprii
1503 3381 1605 3435 laboris
1631 3394 1717 3449 opera
1735 3381 1835 3435 tribnat

1043 3476 1070 3522 ct
1086 3469 1208 3538 praemia.
1221 3468 1290 3524 Nam
1311 3478 1339 3524 et
1358 3469 1428 3535 illos,
1442 3486 1510 3540 quos
1526 3471 1551 3524 in
1568 3471 1647 3526 bonis
1659 3470 1789 3540 operibns
1809 3478 1836 3526 et

1043 3557 1176 3612 virtutum
1190 3559 1294 3615 meritis
1308 3560 1444 3615 invenerit
1453 3561 1588 3627 meliores,
1605 3569 1634 3617 et
1645 3563 1764 3631 puritate
1776 3577 1836 3617 eor·

1043 3646 1085 3701 dis
1098 3649 1205 3703 ceteris
1216 3650 1383 3715 humiliores,
1403 3668 1465 3706 cunr
1476 3652 1650 3721 praemiorum
1672 3653 1836 3711 discretione

1044 3751 1177 3807 congruas
1207 3737 1235 3790 in
1269 3754 1353 3809 regno
1380 3739 1510 3794 cmlorrnn
1538 3741 1639 3795 tribuet
1669 3742 1835 3796 mansiones.

1044 3826 1131 3892 Quam
1144 3827 1274 3882 virtutum
1293 3827 1412 3881 omnium
1427 3837 1541 3883 matrem
1565 3830 1592 3883 in
1607 3831 1735 3886 oneribus
1756 3833 1837 3888 abbas

1044 3925 1137 3971 tenere
1147 3918 1228 3972 debet
1240 3919 1444 3983 discretionem,
1456 3928 1485 3974 et
1493 3936 1545 3974 non
1556 3936 1689 3990 personas
1699 3923 1837 3979 discerne·

1044 4022 1089 4072 re,
1108 4007 1156 4062 sed
1169 4008 1381 4079 uniuscnjusque
1399 4011 1496 4081 merito
1513 4014 1677 4081 appmbare,
1691 4022 1721 4069 ct
1743 4030 1838 4071 omnes

1043 4100 1190 4154 secundum
1215 4101 1311 4154 merita
1335 4116 1449 4169 operum
1472 4102 1580 4158 sincero
1607 4090 1691 4159 corde
1712 4103 1835 4175 diligere.

1044 4188 1121 4244 Unde
1134 4197 1162 4245 ct
1173 4191 1298 4260 sequitur
1312 4208 1319 4244 :

1080 4278 1103 4331 Ε
1106 4296 1150 4349 rgo
1164 4281 1273 4349 equalis
1288 4282 1322 4334 sit
1334 4281 1365 4335 ub
1380 4297 1410 4336 eo
1424 4282 1543 4336 omnibns
1557 4274 1674 4338 elterites
1684 4301 1694 4348 ,·
1705 4302 1760 4338 utre
1771 4300 1838 4355 pre·

1043 4368 1135 4422 beatur
1151 4370 1177 4423 in
1192 4369 1332 4436 omnibus,
1351 4372 1494 4426 secundnm
1511 4373 1618 4438 merite,
1635 4374 1791 4444 discipline.
1808 4374 1837 4429 ln

203 4480 310 4533 corpore
333 4464 458 4534 baptizati
473 4480 575 4529 suntne,
601 4466 654 4518 siue
671 4465 776 4530 ledaei,
800 4468 853 4520 siue
871 4466 989 4536 penales,
1004 4445 1031 4505 Ῑ)
1044 4458 1095 4514 ¹100
1110 4459 1183 4514 essim
1194 4461 1305 4530 aetlualls
1317 4462 1396 4517 debet
1405 4477 1466 4518 esse
1477 4464 1510 4526 db
1522 4464 1621 4520 abbate
1636 4463 1839 4522 Omnlllustlli·

204 4555 256 4606 sire
271 4554 348 4616 cerei,
360 4554 411 4606 uine
422 4553 507 4608 liberi.
524 4563 549 4608 et
572 4571 660 4608 ontnes
681 4556 709 4609 in
724 4573 775 4609 nno
791 4558 887 4626 spiritu
911 4559 994 4625 potati

205 4660 296 4698 sumne
329 4644 451 4719 (Epirus
480 4642 643 4713 'rv‚t,to;t
665 4645 726 4699 Cor.
746 4661 800 4710 ru,
825 4645 925 4701 lTim.
949 4646 992 4717 ιι).

207 4734 278 4789 bens
292 4741 381 4788 antem
395 4734 443 4788 bei
454 4733 549 4798 Filius,
558 4734 603 4803 qni
616 4735 738 4790 homiues
749 4736 808 4790 vult
820 4735 908 4790 salros
923 4735 992 4801 iteri,

205 4834 234 4879 ct
246 4824 281 4879 ad
294 4825 458 4893 agnitionem
471 4826 592 4880 ueritatis
601 4826 749 4896 perducere
761 4843 872 4882 omnem
886 4842 992 4894 sexum,

206 4927 314 4967 omnem
328 4921 449 4978 etatem,
466 4929 575 4970 onerem
598 4914 795 4979 conditionem,
820 4915 854 4969 de
867 4915 993 4970 universo

207 5017 306 5071 genere
319 5004 436 5060 humano
462 5004 586 5067 redemit,
603 5011 676 5059 etex
691 5003 744 5058 illis
756 5005 862 5073 corpori
875 5019 924 5058 sno
940 5004 995 5061 cle-

206 5104 312 5152 etomna
325 5112 436 5153 numero
449 5098 573 5164 sociarit,
587 5108 615 5154 et
628 5099 688 5153 idco
700 5099 726 5153 in
737 5097 856 5164 Christo,
865 5100 922 5155 sire
936 5115 994 5155 ser-

205 5186 248 5250 ιί,
268 5187 325 5242 sive
339 5184 416 5240 liberi
431 5203 525 5242 omncs
540 5204 623 5242 unum
638 5203 740 5243 snmus.

242 5277 277 5332 bt
294 5277 342 5332 tub
365 5294 418 5331 nno
440 5277 552 5331 Domino
575 5279 703 5348 equalem
726 5280 857 5333 servitutis
874 5278 995 5333 militiam

207 5367 367 5440 bajulemus.
382 5365 518 5419 Bonorum
532 5366 603 5419 enirn
619 5366 813 5420 monachornm
826 5366 852 5419 in
864 5366 915 5421 boc
927 5381 995 5436 prm-

207 5459 276 5514 senti
291 5456 391 5513 sarculo
409 5455 502 5509 vitain
517 5454 618 5509 Christi
630 5463 672 5509 est
684 5469 791 5524 semper
804 5457 890 5526 posita
911 5456 996 5511 serti-

209 5549 274 5602 tntis
288 5546 394 5602 militia.
408 5545 483 5601 Unde
496 5550 524 5597 et
535 5542 630 5598 beatus
641 5541 691 5598 lob
703 5545 741 5597 ait
755 5562 760 5596 :
780 5544 878 5597 ,ιιιιιιιιι
892 5553 929 5597 est
943 5544 995 5597 uitu

211 5638 320 5693 bominis
340 5653 418 5709 snper
437 5647 534 5692 terrent
553 5634 634 5708 (lob.
660 5634 730 5707 tn).
755 5635 840 5704 Qttam
867 5635 916 5691 sub
942 5649 996 5690 utro

1047 4548 1122 4614 ritas,
1137 4558 1167 4604 nt
1180 4551 1207 4605 in
1222 4551 1375 4608 dilectionis
1398 4552 1492 4607 babitu
1515 4569 1568 4607 non
1583 4554 1726 4610 discernat
1747 4571 1839 4627 perso·

1046 4653 1104 4692 nas.
1119 4638 1272 4709 AEqnaliter
1293 4643 1366 4696 enirn
1385 4643 1465 4697 debet
1475 4641 1508 4698 de
1519 4643 1603 4699 nubili
1618 4644 1733 4716 diligere
1745 4662 1836 4702 mona·

1045 4728 1132 4794 cbos,
1152 4731 1293 4800 seqtraliter
1313 4731 1347 4786 dc
1370 4732 1462 4787 servili
1483 4733 1638 4790 conditione
1659 4744 1780 4791 creatos.
1794 4734 1838 4791 Sic

1044 4817 1136 4887 itaque
1148 4821 1314 4891 singulorum
1326 4821 1407 4877 debet
1426 4821 1582 4876 discernere
1598 4824 1707 4888 nrerita,
1718 4831 1750 4878 ιιι
1761 4823 1837 4879 alteri

1044 4909 1158 4966 alteram
1174 4929 1227 4966 non
1246 4922 1385 4983 praeponat
1404 4927 1559 4983 personam.
1571 4912 1605 4968 m
1618 4913 1641 4968 si
1657 4930 1740 4969 unam
1767 4930 1838 4970 earu·

1047 5002 1161 5072 dentque
1189 5003 1340 5074 ingenuitas
1366 5002 1408 5058 vel
1424 5004 1563 5059 seruitutis
1584 5019 1702 5074 persona
1727 5004 1839 5061 commi·

1048 5090 1114 5145 serit
1136 5091 1252 5161 eulpam,
1279 5108 1360 5146 unam
1379 5092 1557 5163 eamdemque
1577 5093 1733 5149 sustineant
1758 5094 1838 5151 disci-

1048 5181 1156 5249 pliuarn.
1174 5182 1232 5236 Non
1246 5181 1317 5237 enim
1329 5182 1440 5237 bonoris
1451 5183 1536 5254 gratia
1547 5182 1617 5238 alius
1631 5183 1660 5238 in
1680 5186 1839 5254 penitentia

1049 5269 1188 5340 levigetur,
1206 5271 1274 5325 alius
1295 5286 1359 5325 seru
1383 5269 1565 5342 despectionis
1590 5288 1676 5328 cansa
1703 5284 1837 5344 gravetur.

1050 5359 1103 5414 Sed
1115 5360 1151 5414 ita
1165 5360 1199 5413 ab
1213 5361 1311 5415 abbate
1326 5377 1440 5416 censura
1449 5362 1543 5432 judicii
1556 5372 1736 5433 temperetur,
1749 5372 1779 5419 ut
1788 5378 1838 5419 aon

1049 5465 1103 5504 nna
1117 5465 1232 5518 persona
1249 5450 1344 5515 levius,
1360 5451 1446 5506 altera
1468 5452 1577 5523 gravius
1594 5452 1748 5522 judicetur.

1094 5537 1129 5593 ln
1148 5539 1268 5592 doctrine
1291 5555 1405 5609 nurnqne
1425 5557 1474 5594 sne
1498 5538 1578 5593 ables
1604 5540 1777 5608 apostolicam
1796 5539 1839 5593 dc·

1051 5630 1091 5683 bet
1106 5628 1182 5683 illum
1198 5644 1299 5699 semper
1318 5628 1433 5696 [orntum
1453 5645 1568 5695 terrare,
1587 5629 1615 5685 in
1626 5647 1681 5700 grta
1693 5631 1757 5685 dicit
1769 5644 1779 5683 .·
1793 5631 1840 5704 ιι·
