<?xml version="1.0" encoding="UTF-8"?>
<!DOCTYPE html PUBLIC "-//W3C//DTD XHTML 1.0 Transitional//EN"
    "http://www.w3.org/TR/xhtml1/DTD/xhtml1-transitional.dtd">
<html xmlns="http://www.w3.org/1999/xhtml" xml:lang="en" lang="en">
 <head>
  <title>
</title>
<meta http-equiv="Content-Type" content="text/html;charset=utf-8" />
  <meta name='ocr-system' content='tesseract 3.04.00' />
  <meta name='ocr-capabilities' content='ocr_page ocr_carea ocr_par ocr_line ocrx_word'/>
</head>
<body>
  <div class='ocr_page' id='page_1' title='image "./patrologiaecurs80unkngoog/patrologiaecurs80unkngoog_0229.png"; bbox 0 0 3810 6120; ppageno 0'>
   <div class='ocr_carea' id='block_1_1' title="bbox 130 295 1759 367">
    <p class='ocr_par' dir='ltr' id='par_1_1' title="bbox 130 295 1759 367">
     <span class='ocr_line' id='line_1_1' title="bbox 130 295 1759 367; baseline -0.012 -1"><span class='ocrx_word' id='word_1_1' title='bbox 130 311 181 367; x_wconf 79' lang='lat' dir='ltr'>ttt</span> <span class='ocrx_word' id='word_1_2' title='bbox 779 299 956 357; x_wconf 77' lang='lat' dir='ltr'>silauleut</span> <span class='ocrx_word' id='word_1_3' title='bbox 974 299 1120 356; x_wconf 75' lang='lat' dir='ltr'>seusus</span> <span class='ocrx_word' id='word_1_4' title='bbox 1704 295 1759 354; x_wconf 71' lang='lat' dir='ltr'>us</span> 
     </span>
    </p>
   </div>
   <div class='ocr_carea' id='block_1_2' title="bbox 107 408 1777 4126">
    <p class='ocr_par' dir='ltr' id='par_1_2' title="bbox 107 408 1777 4126">
     <span class='ocr_line' id='line_1_2' title="bbox 130 408 1759 493; baseline -0.006 -19"><span class='ocrx_word' id='word_1_5' title='bbox 130 422 179 476; x_wconf 89' lang='lat' dir='ltr'>riis</span> <span class='ocrx_word' id='word_1_6' title='bbox 190 419 314 476; x_wconf 88' lang='lat' dir='ltr'>ridelicot</span> <span class='ocrx_word' id='word_1_7' title='bbox 324 413 475 493; x_wconf 79' lang='lat' dir='ltr'>defectuum</span> <span class='ocrx_word' id='word_1_8' title='bbox 486 415 634 480; x_wconf 77' lang='lat' dir='ltr'>laboribus,</span> <span class='ocrx_word' id='word_1_9' title='bbox 644 415 835 484; x_wconf 76' lang='lat' dir='ltr'>erroribusque</span> <span class='ocrx_word' id='word_1_10' title='bbox 846 429 916 469; x_wconf 87' lang='lat' dir='ltr'>scm-</span> <span class='ocrx_word' id='word_1_11' title='bbox 930 418 955 476; x_wconf 81' lang='grc' dir='ltr'>Λ</span> <span class='ocrx_word' id='word_1_12' title='bbox 968 421 1012 466; x_wconf 88' lang='lat' dir='ltr'>tus</span> <span class='ocrx_word' id='word_1_13' title='bbox 1024 420 1081 478; x_wconf 89' lang='lat' dir='ltr'>est,</span> <span class='ocrx_word' id='word_1_14' title='bbox 1098 411 1125 466; x_wconf 89' lang='lat' dir='ltr'>in</span> <span class='ocrx_word' id='word_1_15' title='bbox 1137 425 1190 480; x_wconf 92' lang='lat' dir='ltr'>quo</span> <span class='ocrx_word' id='word_1_16' title='bbox 1203 410 1324 466; x_wconf 88' lang='lat' dir='ltr'>saucium</span> <span class='ocrx_word' id='word_1_17' title='bbox 1339 408 1482 479; x_wconf 86' lang='lat' dir='ltr'>imposuit,</span> <span class='ocrx_word' id='word_1_18' title='bbox 1500 408 1565 479; x_wconf 83' lang='lat' dir='ltr'>quio</span> <span class='ocrx_word' id='word_1_19' title='bbox 1576 415 1691 479; x_wconf 86' lang='lat' dir='ltr'>peecata</span> <span class='ocrx_word' id='word_1_20' title='bbox 1707 425 1759 465; x_wconf 90' lang='lat' dir='ltr'>oo·</span> 
     </span>
     <span class='ocr_line' id='line_1_3' title="bbox 130 499 1760 585; baseline -0.007 -19"><span class='ocrx_word' id='word_1_21' title='bbox 130 528 180 585; x_wconf 87' lang='lat' dir='ltr'>per</span> <span class='ocrx_word' id='word_1_22' title='bbox 192 511 333 567; x_wconf 86' lang='lat' dir='ltr'>iuccrtaur.</span> <span class='ocrx_word' id='word_1_23' title='bbox 969 512 1024 558; x_wconf 84' lang='lat' dir='ltr'>stra</span> <span class='ocrx_word' id='word_1_24' title='bbox 1039 503 1156 573; x_wconf 86' lang='lat' dir='ltr'>portarit</span> <span class='ocrx_word' id='word_1_25' title='bbox 1173 502 1201 555; x_wconf 89' lang='lat' dir='ltr'>in</span> <span class='ocrx_word' id='word_1_26' title='bbox 1216 517 1329 571; x_wconf 90' lang='lat' dir='ltr'>corpore</span> <span class='ocrx_word' id='word_1_27' title='bbox 1343 516 1393 556; x_wconf 91' lang='lat' dir='ltr'>suo</span> <span class='ocrx_word' id='word_1_28' title='bbox 1407 515 1488 570; x_wconf 91' lang='lat' dir='ltr'>super</span> <span class='ocrx_word' id='word_1_29' title='bbox 1502 499 1624 570; x_wconf 71' lang='lat' dir='ltr'>ligurum,</span> <span class='ocrx_word' id='word_1_30' title='bbox 1640 509 1670 554; x_wconf 88' lang='lat' dir='ltr'>et</span> <span class='ocrx_word' id='word_1_31' title='bbox 1681 499 1760 570; x_wconf 77' lang='lat' dir='ltr'>juxta</span> 
     </span>
     <span class='ocr_line' id='line_1_4' title="bbox 166 588 1762 665; baseline -0.008 -6"><span class='ocrx_word' id='word_1_32' title='bbox 166 603 202 659; x_wconf 88' lang='lat' dir='ltr'>Et</span> <span class='ocrx_word' id='word_1_33' title='bbox 215 601 304 658; x_wconf 83' lang='lat' dir='ltr'>incidit</span> <span class='ocrx_word' id='word_1_34' title='bbox 320 602 348 655; x_wconf 86' lang='lat' dir='ltr'>iu</span> <span class='ocrx_word' id='word_1_35' title='bbox 369 599 492 652; x_wconf 81' lang='lat' dir='ltr'>latrones.</span> <span class='ocrx_word' id='word_1_36' title='bbox 508 588 649 662; x_wconf 81' lang='lat' dir='ltr'>Latrones,</span> <span class='ocrx_word' id='word_1_37' title='bbox 664 597 800 652; x_wconf 90' lang='lat' dir='ltr'>diabolum</span> <span class='ocrx_word' id='word_1_38' title='bbox 822 605 849 650; x_wconf 91' lang='lat' dir='ltr'>et</span> <span class='ocrx_word' id='word_1_39' title='bbox 870 610 919 649; x_wconf 92' lang='lat' dir='ltr'>au-</span> <span class='ocrx_word' id='word_1_40' title='bbox 970 595 1050 649; x_wconf 91' lang='lat' dir='ltr'>aliam</span> <span class='ocrx_word' id='word_1_41' title='bbox 1068 593 1224 665; x_wconf 88' lang='lat' dir='ltr'>parabolam</span> <span class='ocrx_word' id='word_1_42' title='bbox 1244 593 1400 656; x_wconf 87' lang='lat' dir='ltr'>iurentam,</span> <span class='ocrx_word' id='word_1_43' title='bbox 1420 606 1480 661; x_wconf 77' lang='lat' dir='ltr'>quae</span> <span class='ocrx_word' id='word_1_44' title='bbox 1505 596 1663 653; x_wconf 82' lang='lat' dir='ltr'>erraverat,</span> <span class='ocrx_word' id='word_1_45' title='bbox 1681 604 1762 647; x_wconf 85' lang='lat' dir='ltr'>ovem</span> 
     </span>
     <span class='ocr_line' id='line_1_5' title="bbox 131 679 1762 765; baseline -0.01 -16"><span class='ocrx_word' id='word_1_46' title='bbox 131 694 206 765; x_wconf 74' lang='lat' dir='ltr'>gelos</span> <span class='ocrx_word' id='word_1_47' title='bbox 227 692 285 762; x_wconf 82' lang='lat' dir='ltr'>ejus</span> <span class='ocrx_word' id='word_1_48' title='bbox 303 689 431 760; x_wconf 77' lang='lat' dir='ltr'>intellige,</span> <span class='ocrx_word' id='word_1_49' title='bbox 448 689 475 743; x_wconf 92' lang='lat' dir='ltr'>in</span> <span class='ocrx_word' id='word_1_50' title='bbox 499 704 568 757; x_wconf 89' lang='lat' dir='ltr'>quos</span> <span class='ocrx_word' id='word_1_51' title='bbox 590 687 635 758; x_wconf 92' lang='lat' dir='ltr'>qui</span> <span class='ocrx_word' id='word_1_52' title='bbox 650 685 827 742; x_wconf 69' lang='lat' dir='ltr'>descendebat</span> <span class='ocrx_word' id='word_1_53' title='bbox 852 684 919 740; x_wconf 91' lang='lat' dir='ltr'>inci·</span> <span class='ocrx_word' id='word_1_54' title='bbox 969 686 1090 741; x_wconf 85' lang='lat' dir='ltr'>humeris</span> <span class='ocrx_word' id='word_1_55' title='bbox 1103 685 1159 740; x_wconf 90' lang='lat' dir='ltr'>suis</span> <span class='ocrx_word' id='word_1_56' title='bbox 1171 684 1342 754; x_wconf 86' lang='lat' dir='ltr'>impositam,</span> <span class='ocrx_word' id='word_1_57' title='bbox 1358 683 1505 753; x_wconf 88' lang='lat' dir='ltr'>reportavit</span> <span class='ocrx_word' id='word_1_58' title='bbox 1515 681 1550 736; x_wconf 91' lang='lat' dir='ltr'>ad</span> <span class='ocrx_word' id='word_1_59' title='bbox 1562 696 1672 753; x_wconf 68' lang='lat' dir='ltr'>gregem</span> <span class='ocrx_word' id='word_1_60' title='bbox 1683 679 1762 753; x_wconf 78' lang='lat' dir='ltr'>(Eae.</span> 
     </span>
     <span class='ocr_line' id='line_1_6' title="bbox 132 771 1762 850; baseline -0.006 -14"><span class='ocrx_word' id='word_1_61' title='bbox 132 783 181 837; x_wconf 90' lang='lat' dir='ltr'>dit.</span> <span class='ocrx_word' id='word_1_62' title='bbox 197 780 263 834; x_wconf 79' lang='lat' dir='ltr'>liam</span> <span class='ocrx_word' id='word_1_63' title='bbox 282 780 334 835; x_wconf 84' lang='lat' dir='ltr'>nisi</span> <span class='ocrx_word' id='word_1_64' title='bbox 355 780 431 850; x_wconf 89' lang='lat' dir='ltr'>prius</span> <span class='ocrx_word' id='word_1_65' title='bbox 449 779 520 832; x_wconf 88' lang='lat' dir='ltr'>intus</span> <span class='ocrx_word' id='word_1_66' title='bbox 539 778 750 842; x_wconf 89' lang='lat' dir='ltr'>intumesceret,</span> <span class='ocrx_word' id='word_1_67' title='bbox 776 774 843 830; x_wconf 85' lang='lat' dir='ltr'>loris</span> <span class='ocrx_word' id='word_1_68' title='bbox 863 783 920 830; x_wconf 88' lang='lat' dir='ltr'>teu-</span> <span class='ocrx_word' id='word_1_69' title='bbox 971 793 1005 831; x_wconf 79' lang='grc' dir='ltr'>ιι</span> <span class='ocrx_word' id='word_1_70' title='bbox 1016 778 1036 848; x_wconf 85' lang='grc'>).</span> <span class='ocrx_word' id='word_1_71' title='bbox 1051 777 1142 846; x_wconf 90' lang='lat' dir='ltr'>ltaque</span> <span class='ocrx_word' id='word_1_72' title='bbox 1160 775 1260 846; x_wconf 89' lang='lat' dir='ltr'>imponi</span> <span class='ocrx_word' id='word_1_73' title='bbox 1272 773 1396 842; x_wconf 83' lang='lat' dir='ltr'>jumento</span> <span class='ocrx_word' id='word_1_74' title='bbox 1408 781 1469 837; x_wconf 86' lang='lat' dir='ltr'>est,</span> <span class='ocrx_word' id='word_1_75' title='bbox 1486 772 1514 826; x_wconf 91' lang='lat' dir='ltr'>in</span> <span class='ocrx_word' id='word_1_76' title='bbox 1528 772 1615 841; x_wconf 82' lang='lat' dir='ltr'>ipsam</span> <span class='ocrx_word' id='word_1_77' title='bbox 1632 771 1762 827; x_wconf 84' lang='lat' dir='ltr'>incarna-</span> 
     </span>
     <span class='ocr_line' id='line_1_7' title="bbox 132 860 1763 934; baseline -0.005 -9"><span class='ocrx_word' id='word_1_78' title='bbox 132 879 205 927; x_wconf 90' lang='lat' dir='ltr'>tatus</span> <span class='ocrx_word' id='word_1_79' title='bbox 221 879 277 925; x_wconf 84' lang='lat' dir='ltr'>tana</span> <span class='ocrx_word' id='word_1_80' title='bbox 300 869 378 925; x_wconf 79' lang='lat' dir='ltr'>focile</span> <span class='ocrx_word' id='word_1_81' title='bbox 403 885 457 924; x_wconf 91' lang='lat' dir='ltr'>non</span> <span class='ocrx_word' id='word_1_82' title='bbox 477 869 594 934; x_wconf 89' lang='lat' dir='ltr'>cederet,</span> <span class='ocrx_word' id='word_1_83' title='bbox 618 883 681 923; x_wconf 87' lang='lat' dir='ltr'>rera</span> <span class='ocrx_word' id='word_1_84' title='bbox 701 877 744 922; x_wconf 88' lang='lat' dir='ltr'>est</span> <span class='ocrx_word' id='word_1_85' title='bbox 763 867 836 922; x_wconf 86' lang='lat' dir='ltr'>enirn</span> <span class='ocrx_word' id='word_1_86' title='bbox 854 866 920 921; x_wconf 89' lang='lat' dir='ltr'>satis</span> <span class='ocrx_word' id='word_1_87' title='bbox 971 868 1072 923; x_wconf 88' lang='lat' dir='ltr'>tioueru</span> <span class='ocrx_word' id='word_1_88' title='bbox 1088 866 1190 921; x_wconf 76' lang='lat' dir='ltr'>Christi</span> <span class='ocrx_word' id='word_1_89' title='bbox 1211 865 1340 929; x_wconf 85' lang='lat' dir='ltr'>erodere,</span> <span class='ocrx_word' id='word_1_90' title='bbox 1360 862 1471 932; x_wconf 71' lang='lat' dir='ltr'>ejusque</span> <span class='ocrx_word' id='word_1_91' title='bbox 1497 861 1635 933; x_wconf 72' lang='lat' dir='ltr'>mysteriis</span> <span class='ocrx_word' id='word_1_92' title='bbox 1660 860 1763 917; x_wconf 87' lang='lat' dir='ltr'>initiari</span> 
     </span>
     <span class='ocr_line' id='line_1_8' title="bbox 131 950 1763 1030; baseline -0.006 -15"><span class='ocrx_word' id='word_1_93' title='bbox 131 961 274 1025; x_wconf 87' lang='lat' dir='ltr'>sententia,</span> <span class='ocrx_word' id='word_1_94' title='bbox 294 975 353 1030; x_wconf 88' lang='lat' dir='ltr'>quae</span> <span class='ocrx_word' id='word_1_95' title='bbox 373 959 460 1014; x_wconf 89' lang='lat' dir='ltr'>dicit:</span> <span class='ocrx_word' id='word_1_96' title='bbox 481 960 547 1014; x_wconf 79' lang='lat' dir='ltr'>Arate</span> <span class='ocrx_word' id='word_1_97' title='bbox 572 975 676 1014; x_wconf 77' lang='lat' dir='ltr'>aurnum</span> <span class='ocrx_word' id='word_1_98' title='bbox 694 959 764 1014; x_wconf 87' lang='lat' dir='ltr'>euim</span> <span class='ocrx_word' id='word_1_99' title='bbox 787 955 922 1011; x_wconf 76' lang='lat' dir='ltr'>exaltatur</span> <span class='ocrx_word' id='word_1_100' title='bbox 971 958 1066 1020; x_wconf 84' lang='lat' dir='ltr'>sirnul,</span> <span class='ocrx_word' id='word_1_101' title='bbox 1081 966 1109 1010; x_wconf 90' lang='lat' dir='ltr'>et</span> <span class='ocrx_word' id='word_1_102' title='bbox 1122 957 1157 1011; x_wconf 92' lang='lat' dir='ltr'>ab</span> <span class='ocrx_word' id='word_1_103' title='bbox 1171 954 1422 1010; x_wconf 82' lang='lat' dir='ltr'>bostisineursiooe</span> <span class='ocrx_word' id='word_1_104' title='bbox 1434 952 1529 1008; x_wconf 90' lang='lat' dir='ltr'>tutari.</span> <span class='ocrx_word' id='word_1_105' title='bbox 1550 950 1697 1008; x_wconf 72' lang='lat' dir='ltr'>Stabulum</span> <span class='ocrx_word' id='word_1_106' title='bbox 1712 967 1763 1005; x_wconf 90' lang='lat' dir='ltr'>au·</span> 
     </span>
     <span class='ocr_line' id='line_1_9' title="bbox 131 1042 1765 1124; baseline -0.003 -20"><span class='ocrx_word' id='word_1_107' title='bbox 131 1068 178 1106; x_wconf 87' lang='lat' dir='ltr'>cor</span> <span class='ocrx_word' id='word_1_108' title='bbox 191 1049 282 1124; x_wconf 84' lang='lat' dir='ltr'>(Proo.</span> <span class='ocrx_word' id='word_1_109' title='bbox 297 1050 364 1122; x_wconf 80' lang='lat' dir='ltr'>arr).</span> <span class='ocrx_word' id='word_1_110' title='bbox 972 1061 1027 1104; x_wconf 90' lang='lat' dir='ltr'>tem</span> <span class='ocrx_word' id='word_1_111' title='bbox 1047 1055 1089 1102; x_wconf 88' lang='lat' dir='ltr'>est</span> <span class='ocrx_word' id='word_1_112' title='bbox 1106 1046 1225 1101; x_wconf 80' lang='lat' dir='ltr'>Ecclesia</span> <span class='ocrx_word' id='word_1_113' title='bbox 1244 1060 1379 1116; x_wconf 73' lang='lat' dir='ltr'>praeseus,</span> <span class='ocrx_word' id='word_1_114' title='bbox 1399 1043 1445 1099; x_wconf 90' lang='lat' dir='ltr'>ubi</span> <span class='ocrx_word' id='word_1_115' title='bbox 1465 1043 1625 1098; x_wconf 87' lang='lat' dir='ltr'>resseiuntur</span> <span class='ocrx_word' id='word_1_116' title='bbox 1643 1042 1765 1099; x_wconf 77' lang='lat' dir='ltr'>viatores</span> 
     </span>
     <span class='ocr_line' id='line_1_10' title="bbox 169 1136 1765 1213; baseline -0.003 -16"><span class='ocrx_word' id='word_1_117' title='bbox 169 1144 222 1209; x_wconf 84' lang='lat' dir='ltr'>Qui</span> <span class='ocrx_word' id='word_1_118' title='bbox 237 1145 316 1198; x_wconf 86' lang='lat' dir='ltr'>etium</span> <span class='ocrx_word' id='word_1_119' title='bbox 327 1142 531 1213; x_wconf 74' lang='lat' dir='ltr'>dispoliaverunt</span> <span class='ocrx_word' id='word_1_120' title='bbox 544 1157 613 1196; x_wconf 84' lang='lat' dir='ltr'>eum.</span> <span class='ocrx_word' id='word_1_121' title='bbox 627 1139 718 1196; x_wconf 89' lang='lat' dir='ltr'>Gloria</span> <span class='ocrx_word' id='word_1_122' title='bbox 733 1137 860 1193; x_wconf 82' lang='lat' dir='ltr'>uidelicet</span> <span class='ocrx_word' id='word_1_123' title='bbox 870 1136 921 1192; x_wconf 91' lang='lat' dir='ltr'>im·</span> <span class='ocrx_word' id='word_1_124' title='bbox 972 1140 1006 1195; x_wconf 91' lang='lat' dir='ltr'>de</span> <span class='ocrx_word' id='word_1_125' title='bbox 1027 1140 1245 1210; x_wconf 79' lang='lat' dir='ltr'>peregrinatione</span> <span class='ocrx_word' id='word_1_126' title='bbox 1279 1142 1331 1196; x_wconf 91' lang='lat' dir='ltr'>bae</span> <span class='ocrx_word' id='word_1_127' title='bbox 1365 1141 1392 1194; x_wconf 94' lang='lat' dir='ltr'>in</span> <span class='ocrx_word' id='word_1_128' title='bbox 1416 1147 1547 1195; x_wconf 79' lang='lat' dir='ltr'>uternam</span> <span class='ocrx_word' id='word_1_129' title='bbox 1572 1139 1691 1209; x_wconf 86' lang='lat' dir='ltr'>patriam</span> <span class='ocrx_word' id='word_1_130' title='bbox 1718 1153 1765 1195; x_wconf 78' lang='lat' dir='ltr'>re·</span> 
     </span>
     <span class='ocr_line' id='line_1_11' title="bbox 133 1229 1765 1304; baseline -0.003 -13"><span class='ocrx_word' id='word_1_131' title='bbox 133 1237 305 1291; x_wconf 90' lang='lat' dir='ltr'>mortalitatis</span> <span class='ocrx_word' id='word_1_132' title='bbox 320 1244 347 1291; x_wconf 89' lang='lat' dir='ltr'>ct</span> <span class='ocrx_word' id='word_1_133' title='bbox 361 1234 523 1291; x_wconf 70' lang='lat' dir='ltr'>innocentiae</span> <span class='ocrx_word' id='word_1_134' title='bbox 537 1241 612 1288; x_wconf 86' lang='lat' dir='ltr'>reste</span> <span class='ocrx_word' id='word_1_135' title='bbox 630 1234 783 1304; x_wconf 83' lang='lat' dir='ltr'>privarunt.</span> <span class='ocrx_word' id='word_1_136' title='bbox 802 1230 866 1286; x_wconf 77' lang='lat' dir='ltr'>ilaue</span> <span class='ocrx_word' id='word_1_137' title='bbox 880 1237 923 1285; x_wconf 91' lang='lat' dir='ltr'>est</span> <span class='ocrx_word' id='word_1_138' title='bbox 973 1233 1102 1299; x_wconf 85' lang='lat' dir='ltr'>deantes,</span> <span class='ocrx_word' id='word_1_139' title='bbox 1122 1239 1149 1287; x_wconf 90' lang='lat' dir='ltr'>et</span> <span class='ocrx_word' id='word_1_140' title='bbox 1167 1233 1236 1288; x_wconf 88' lang='lat' dir='ltr'>bene</span> <span class='ocrx_word' id='word_1_141' title='bbox 1250 1230 1373 1300; x_wconf 79' lang='lat' dir='ltr'>lumento</span> <span class='ocrx_word' id='word_1_142' title='bbox 1392 1232 1549 1300; x_wconf 85' lang='lat' dir='ltr'>impositum</span> <span class='ocrx_word' id='word_1_143' title='bbox 1568 1231 1646 1287; x_wconf 82' lang='lat' dir='ltr'>duait</span> <span class='ocrx_word' id='word_1_144' title='bbox 1664 1229 1692 1285; x_wconf 90' lang='lat' dir='ltr'>in</span> <span class='ocrx_word' id='word_1_145' title='bbox 1710 1238 1765 1286; x_wconf 85' lang='lat' dir='ltr'>ata-</span> 
     </span>
     <span class='ocr_line' id='line_1_12' title="bbox 133 1319 1766 1398; baseline -0.004 -16"><span class='ocrx_word' id='word_1_146' title='bbox 133 1328 205 1383; x_wconf 91' lang='lat' dir='ltr'>enim</span> <span class='ocrx_word' id='word_1_147' title='bbox 216 1327 303 1398; x_wconf 91' lang='lat' dir='ltr'>prima</span> <span class='ocrx_word' id='word_1_148' title='bbox 322 1327 400 1390; x_wconf 89' lang='lat' dir='ltr'>stola,</span> <span class='ocrx_word' id='word_1_149' title='bbox 415 1341 466 1395; x_wconf 93' lang='lat' dir='ltr'>qua</span> <span class='ocrx_word' id='word_1_150' title='bbox 478 1325 554 1395; x_wconf 82' lang='lat' dir='ltr'>juxta</span> <span class='ocrx_word' id='word_1_151' title='bbox 569 1323 650 1377; x_wconf 84' lang='lat' dir='ltr'>aliana</span> <span class='ocrx_word' id='word_1_152' title='bbox 664 1321 823 1393; x_wconf 87' lang='lat' dir='ltr'>parabolam</span> <span class='ocrx_word' id='word_1_153' title='bbox 842 1319 922 1375; x_wconf 85' lang='lat' dir='ltr'>luxu·</span> <span class='ocrx_word' id='word_1_154' title='bbox 972 1323 1082 1387; x_wconf 88' lang='lat' dir='ltr'>bulum,</span> <span class='ocrx_word' id='word_1_155' title='bbox 1110 1322 1173 1392; x_wconf 87' lang='lat' dir='ltr'>qula</span> <span class='ocrx_word' id='word_1_156' title='bbox 1195 1337 1276 1378; x_wconf 90' lang='lat' dir='ltr'>nemo</span> <span class='ocrx_word' id='word_1_157' title='bbox 1299 1323 1351 1378; x_wconf 88' lang='lat' dir='ltr'>uisi</span> <span class='ocrx_word' id='word_1_158' title='bbox 1379 1323 1548 1391; x_wconf 87' lang='lat' dir='ltr'>baptizatus,</span> <span class='ocrx_word' id='word_1_159' title='bbox 1576 1321 1629 1377; x_wconf 89' lang='lat' dir='ltr'>nisi</span> <span class='ocrx_word' id='word_1_160' title='bbox 1656 1321 1766 1390; x_wconf 85' lang='lat' dir='ltr'>corpori</span> 
     </span>
     <span class='ocr_line' id='line_1_13' title="bbox 134 1407 1529 1484; baseline -0.004 -13"><span class='ocrx_word' id='word_1_161' title='bbox 134 1417 223 1471; x_wconf 92' lang='lat' dir='ltr'>riosos</span> <span class='ocrx_word' id='word_1_162' title='bbox 235 1415 306 1471; x_wconf 86' lang='lat' dir='ltr'>lilius</span> <span class='ocrx_word' id='word_1_163' title='bbox 322 1429 371 1484; x_wconf 88' lang='lat' dir='ltr'>per</span> <span class='ocrx_word' id='word_1_164' title='bbox 389 1413 576 1484; x_wconf 76' lang='lat' dir='ltr'>peonitentiam</span> <span class='ocrx_word' id='word_1_165' title='bbox 599 1412 707 1468; x_wconf 88' lang='lat' dir='ltr'>rediens</span> <span class='ocrx_word' id='word_1_166' title='bbox 721 1419 834 1466; x_wconf 88' lang='lat' dir='ltr'>ornatur</span> <span class='ocrx_word' id='word_1_167' title='bbox 845 1407 921 1483; x_wconf 77' lang='lat' dir='ltr'>(boc.</span> <span class='ocrx_word' id='word_1_168' title='bbox 973 1412 1074 1468; x_wconf 87' lang='lat' dir='ltr'>Cbristi</span> <span class='ocrx_word' id='word_1_169' title='bbox 1088 1413 1231 1478; x_wconf 89' lang='lat' dir='ltr'>adunatus,</span> <span class='ocrx_word' id='word_1_170' title='bbox 1245 1411 1393 1468; x_wconf 79' lang='lat' dir='ltr'>Ecclesiam</span> <span class='ocrx_word' id='word_1_171' title='bbox 1410 1411 1529 1466; x_wconf 86' lang='lat' dir='ltr'>intrabit.</span> 
     </span>
     <span class='ocr_line' id='line_1_14' title="bbox 134 1501 1767 1577; baseline -0.002 -17"><span class='ocrx_word' id='word_1_172' title='bbox 134 1505 194 1577; x_wconf 76' lang='lat' dir='ltr'>ar),</span> <span class='ocrx_word' id='word_1_173' title='bbox 225 1512 252 1560; x_wconf 93' lang='grc' dir='ltr'>ει</span> <span class='ocrx_word' id='word_1_174' title='bbox 277 1520 329 1574; x_wconf 92' lang='lat' dir='ltr'>qua</span> <span class='ocrx_word' id='word_1_175' title='bbox 351 1502 510 1573; x_wconf 72' lang='lat' dir='ltr'>protoplasti</span> <span class='ocrx_word' id='word_1_176' title='bbox 534 1503 631 1555; x_wconf 86' lang='lat' dir='ltr'>amissa</span> <span class='ocrx_word' id='word_1_177' title='bbox 658 1507 843 1570; x_wconf 80' lang='lat' dir='ltr'>cognorerunt</span> <span class='ocrx_word' id='word_1_178' title='bbox 863 1512 924 1554; x_wconf 85' lang='lat' dir='ltr'>esse</span> <span class='ocrx_word' id='word_1_179' title='bbox 1009 1501 1767 1574; x_wconf 73' lang='lat' dir='ltr'>Etalterodeprorutouuoeuenorios‚ete.alaeradte</span> 
     </span>
     <span class='ocr_line' id='line_1_15' title="bbox 134 1589 1768 1667; baseline -0.006 -14"><span class='ocrx_word' id='word_1_180' title='bbox 134 1596 283 1662; x_wconf 86' lang='lat' dir='ltr'>senodes,</span> <span class='ocrx_word' id='word_1_181' title='bbox 307 1597 464 1664; x_wconf 83' lang='lat' dir='ltr'>tunicasque</span> <span class='ocrx_word' id='word_1_182' title='bbox 480 1592 602 1664; x_wconf 89' lang='lat' dir='ltr'>peliicias</span> <span class='ocrx_word' id='word_1_183' title='bbox 616 1601 720 1648; x_wconf 76' lang='lat' dir='ltr'>naturae</span> <span class='ocrx_word' id='word_1_184' title='bbox 737 1590 859 1647; x_wconf 86' lang='lat' dir='ltr'>nrortalis</span> <span class='ocrx_word' id='word_1_185' title='bbox 882 1589 923 1644; x_wconf 88' lang='lat' dir='ltr'>iu·</span> <span class='ocrx_word' id='word_1_186' title='bbox 974 1605 1036 1667; x_wconf 84' lang='lat' dir='ltr'>pest</span> <span class='ocrx_word' id='word_1_187' title='bbox 1043 1596 1147 1650; x_wconf 80' lang='lat' dir='ltr'>nemini</span> <span class='ocrx_word' id='word_1_188' title='bbox 1159 1596 1401 1661; x_wconf 75' lang='lat' dir='ltr'>resurrectionem,</span> <span class='ocrx_word' id='word_1_189' title='bbox 1413 1610 1476 1649; x_wconf 83' lang='lat' dir='ltr'>nnrn</span> <span class='ocrx_word' id='word_1_190' title='bbox 1485 1603 1514 1649; x_wconf 83' lang='lat' dir='ltr'>et</span> <span class='ocrx_word' id='word_1_191' title='bbox 1523 1602 1587 1648; x_wconf 80' lang='lat' dir='ltr'>ante</span> <span class='ocrx_word' id='word_1_192' title='bbox 1595 1594 1706 1664; x_wconf 80' lang='lat' dir='ltr'>quidem</span> <span class='ocrx_word' id='word_1_193' title='bbox 1718 1609 1768 1664; x_wconf 66' lang='lat' dir='ltr'>pu</span> 
     </span>
     <span class='ocr_line' id='line_1_16' title="bbox 134 1683 1767 1759; baseline -0.002 -16"><span class='ocrx_word' id='word_1_194' title='bbox 134 1688 192 1743; x_wconf 89' lang='lat' dir='ltr'>duti</span> <span class='ocrx_word' id='word_1_195' title='bbox 206 1697 269 1745; x_wconf 89' lang='lat' dir='ltr'>sunt</span> <span class='ocrx_word' id='word_1_196' title='bbox 281 1685 357 1759; x_wconf 81' lang='lat' dir='ltr'>(Gen.</span> <span class='ocrx_word' id='word_1_197' title='bbox 369 1684 423 1754; x_wconf 80' lang='grc' dir='ltr'>ιιι).</span> <span class='ocrx_word' id='word_1_198' title='bbox 684 1692 686 1696; x_wconf 83' lang='grc'><strong>“</strong></span> <span class='ocrx_word' id='word_1_199' title='bbox 975 1686 1111 1756; x_wconf 77' lang='lat' dir='ltr'>Evangelii</span> <span class='ocrx_word' id='word_1_200' title='bbox 1123 1686 1163 1741; x_wconf 89' lang='lat' dir='ltr'>sui</span> <span class='ocrx_word' id='word_1_201' title='bbox 1177 1686 1292 1754; x_wconf 77' lang='lat' dir='ltr'>gratiana</span> <span class='ocrx_word' id='word_1_202' title='bbox 1306 1685 1506 1739; x_wconf 81' lang='lat' dir='ltr'>illuminaverat</span> <span class='ocrx_word' id='word_1_203' title='bbox 1522 1683 1567 1739; x_wconf 88' lang='lat' dir='ltr'>bis</span> <span class='ocrx_word' id='word_1_204' title='bbox 1584 1684 1632 1754; x_wconf 86' lang='lat' dir='ltr'>qui</span> <span class='ocrx_word' id='word_1_205' title='bbox 1645 1685 1674 1739; x_wconf 88' lang='lat' dir='ltr'>iu</span> <span class='ocrx_word' id='word_1_206' title='bbox 1687 1694 1767 1741; x_wconf 85' lang='lat' dir='ltr'>tene-</span> 
     </span>
     <span class='ocr_line' id='line_1_17' title="bbox 171 1764 1768 1849; baseline -0.004 -11"><span class='ocrx_word' id='word_1_207' title='bbox 171 1778 205 1832; x_wconf 85' lang='lat' dir='ltr'>Et</span> <span class='ocrx_word' id='word_1_208' title='bbox 228 1778 312 1849; x_wconf 72' lang='lat' dir='ltr'>pluuia</span> <span class='ocrx_word' id='word_1_209' title='bbox 334 1777 470 1849; x_wconf 84' lang='lat' dir='ltr'>impositis.</span> <span class='ocrx_word' id='word_1_210' title='bbox 495 1775 584 1847; x_wconf 54' lang='lat' dir='ltr'>Plaga}</span> <span class='ocrx_word' id='word_1_211' title='bbox 596 1783 705 1845; x_wconf 66' lang='grc'><strong>11000111</strong></span> <span class='ocrx_word' id='word_1_212' title='bbox 728 1781 807 1838; x_wconf 68' lang='grc'><strong>811111,</strong></span> <span class='ocrx_word' id='word_1_213' title='bbox 826 1772 925 1842; x_wconf 70' lang='lat' dir='ltr'>(idibus</span> <span class='ocrx_word' id='word_1_214' title='bbox 938 1764 961 1822; x_wconf 87' lang='grc' dir='ltr'>Β</span> <span class='ocrx_word' id='word_1_215' title='bbox 975 1777 1032 1831; x_wconf 89' lang='lat' dir='ltr'>bris</span> <span class='ocrx_word' id='word_1_216' title='bbox 1046 1784 1073 1831; x_wconf 91' lang='lat' dir='ltr'>et</span> <span class='ocrx_word' id='word_1_217' title='bbox 1087 1776 1112 1830; x_wconf 89' lang='lat' dir='ltr'>in</span> <span class='ocrx_word' id='word_1_218' title='bbox 1128 1777 1222 1831; x_wconf 91' lang='lat' dir='ltr'>umbra</span> <span class='ocrx_word' id='word_1_219' title='bbox 1236 1776 1332 1831; x_wconf 90' lang='lat' dir='ltr'>mortis</span> <span class='ocrx_word' id='word_1_220' title='bbox 1346 1776 1487 1841; x_wconf 83' lang='lat' dir='ltr'>sedebant,</span> <span class='ocrx_word' id='word_1_221' title='bbox 1502 1775 1550 1830; x_wconf 89' lang='lat' dir='ltr'>sed</span> <span class='ocrx_word' id='word_1_222' title='bbox 1563 1775 1768 1844; x_wconf 67' lang='lat' dir='ltr'>potionreeor·</span> 
     </span>
     <span class='ocr_line' id='line_1_18' title="bbox 135 1861 1768 1938; baseline -0.002 -13"><span class='ocrx_word' id='word_1_223' title='bbox 135 1878 240 1925; x_wconf 78' lang='lat' dir='ltr'>naturae</span> <span class='ocrx_word' id='word_1_224' title='bbox 262 1871 387 1923; x_wconf 89' lang='lat' dir='ltr'>lrumauac</span> <span class='ocrx_word' id='word_1_225' title='bbox 403 1869 583 1938; x_wconf 79' lang='lat' dir='ltr'>integritatem</span> <span class='ocrx_word' id='word_1_226' title='bbox 603 1865 728 1921; x_wconf 90' lang='lat' dir='ltr'>riolando</span> <span class='ocrx_word' id='word_1_227' title='bbox 748 1861 925 1920; x_wconf 85' lang='lat' dir='ltr'>seminarium</span> <span class='ocrx_word' id='word_1_228' title='bbox 976 1869 1095 1924; x_wconf 77' lang='lat' dir='ltr'>rectione</span> <span class='ocrx_word' id='word_1_229' title='bbox 1113 1868 1265 1933; x_wconf 81' lang='lat' dir='ltr'>celebrata,</span> <span class='ocrx_word' id='word_1_230' title='bbox 1279 1877 1416 1938; x_wconf 78' lang='lat' dir='ltr'>perpetuae</span> <span class='ocrx_word' id='word_1_231' title='bbox 1429 1866 1498 1922; x_wconf 88' lang='lat' dir='ltr'>lucis</span> <span class='ocrx_word' id='word_1_232' title='bbox 1510 1866 1639 1936; x_wconf 77' lang='lat' dir='ltr'>splendor</span> <span class='ocrx_word' id='word_1_233' title='bbox 1653 1864 1768 1923; x_wconf 74' lang='lat' dir='ltr'>edebat</span> 
     </span>
     <span class='ocr_line' id='line_1_19' title="bbox 134 1952 1769 2029; baseline -0.006 -15"><span class='ocrx_word' id='word_1_234' title='bbox 134 1960 278 2029; x_wconf 86' lang='lat' dir='ltr'>quoddam,</span> <span class='ocrx_word' id='word_1_235' title='bbox 293 1965 323 2012; x_wconf 91' lang='lat' dir='ltr'>ut</span> <span class='ocrx_word' id='word_1_236' title='bbox 335 1958 371 2012; x_wconf 87' lang='lat' dir='ltr'>ita</span> <span class='ocrx_word' id='word_1_237' title='bbox 386 1957 483 2022; x_wconf 90' lang='lat' dir='ltr'>dicam,</span> <span class='ocrx_word' id='word_1_238' title='bbox 498 1956 627 2028; x_wconf 72' lang='lat' dir='ltr'>augenda:</span> <span class='ocrx_word' id='word_1_239' title='bbox 648 1955 744 2010; x_wconf 89' lang='lat' dir='ltr'>mortis</span> <span class='ocrx_word' id='word_1_240' title='bbox 761 1952 840 2011; x_wconf 82' lang='lat' dir='ltr'>sessis</span> <span class='ocrx_word' id='word_1_241' title='bbox 854 1952 927 2008; x_wconf 89' lang='lat' dir='ltr'>indi·</span> <span class='ocrx_word' id='word_1_242' title='bbox 977 1959 1036 2014; x_wconf 77' lang='lat' dir='ltr'>Drrn</span> <span class='ocrx_word' id='word_1_243' title='bbox 1050 1959 1152 2014; x_wconf 77' lang='lat' dir='ltr'>denarii</span> <span class='ocrx_word' id='word_1_244' title='bbox 1168 1967 1231 2013; x_wconf 84' lang='lat' dir='ltr'>sunt</span> <span class='ocrx_word' id='word_1_245' title='bbox 1245 1959 1297 2014; x_wconf 84' lang='lat' dir='ltr'>dne</span> <span class='ocrx_word' id='word_1_246' title='bbox 1311 1958 1502 2022; x_wconf 74' lang='lat' dir='ltr'>Testamenta,</span> <span class='ocrx_word' id='word_1_247' title='bbox 1516 1957 1545 2011; x_wconf 83' lang='lat' dir='ltr'>in</span> <span class='ocrx_word' id='word_1_248' title='bbox 1559 1955 1658 2027; x_wconf 74' lang='lat' dir='ltr'>quibus</span> <span class='ocrx_word' id='word_1_249' title='bbox 1671 1956 1769 2013; x_wconf 72' lang='lat' dir='ltr'>aeternt</span> 
     </span>
     <span class='ocr_line' id='line_1_20' title="bbox 135 2047 1772 2121; baseline -0.001 -16"><span class='ocrx_word' id='word_1_250' title='bbox 135 2050 199 2105; x_wconf 86' lang='lat' dir='ltr'>dere</span> <span class='ocrx_word' id='word_1_251' title='bbox 213 2048 372 2103; x_wconf 84' lang='lat' dir='ltr'>visceribus.</span> <span class='ocrx_word' id='word_1_252' title='bbox 977 2050 1058 2121; x_wconf 79' lang='lat' dir='ltr'>Regis</span> <span class='ocrx_word' id='word_1_253' title='bbox 1077 2064 1174 2104; x_wconf 87' lang='lat' dir='ltr'>nomen</span> <span class='ocrx_word' id='word_1_254' title='bbox 1188 2057 1216 2105; x_wconf 87' lang='grc' dir='ltr'>ει</span> <span class='ocrx_word' id='word_1_255' title='bbox 1231 2049 1320 2120; x_wconf 75' lang='lat' dir='ltr'>iuraqo</span> <span class='ocrx_word' id='word_1_256' title='bbox 1333 2049 1498 2104; x_wconf 85' lang='lat' dir='ltr'>continetur.</span> <span class='ocrx_word' id='word_1_257' title='bbox 1518 2047 1593 2103; x_wconf 84' lang='lat' dir='ltr'>Finis</span> <span class='ocrx_word' id='word_1_258' title='bbox 1609 2048 1684 2104; x_wconf 78' lang='lat' dir='ltr'>cuitu</span> <span class='ocrx_word' id='word_1_259' title='bbox 1702 2047 1772 2120; x_wconf 70' lang='lat' dir='ltr'>lagia</span> 
     </span>
     <span class='ocr_line' id='line_1_21' title="bbox 171 2136 1770 2211; baseline 0.002 -19"><span class='ocrx_word' id='word_1_260' title='bbox 171 2138 310 2194; x_wconf 75' lang='lat' dir='ltr'>Abierant.</span> <span class='ocrx_word' id='word_1_261' title='bbox 329 2138 462 2194; x_wconf 68' lang='lat' dir='ltr'>linierunt</span> <span class='ocrx_word' id='word_1_262' title='bbox 477 2147 567 2193; x_wconf 88' lang='lat' dir='ltr'>autern</span> <span class='ocrx_word' id='word_1_263' title='bbox 583 2153 637 2194; x_wconf 93' lang='lat' dir='ltr'>non</span> <span class='ocrx_word' id='word_1_264' title='bbox 654 2138 688 2192; x_wconf 89' lang='lat' dir='ltr'>ab</span> <span class='ocrx_word' id='word_1_265' title='bbox 704 2136 810 2192; x_wconf 88' lang='lat' dir='ltr'>insidiis</span> <span class='ocrx_word' id='word_1_266' title='bbox 824 2137 927 2207; x_wconf 91' lang='lat' dir='ltr'>aliqua·</span> <span class='ocrx_word' id='word_1_267' title='bbox 977 2139 1119 2205; x_wconf 84' lang='lat' dir='ltr'>Cluistus,</span> <span class='ocrx_word' id='word_1_268' title='bbox 1139 2143 1184 2211; x_wconf 91' lang='lat' dir='ltr'>qui</span> <span class='ocrx_word' id='word_1_269' title='bbox 1203 2141 1288 2196; x_wconf 88' lang='lat' dir='ltr'>altera</span> <span class='ocrx_word' id='word_1_270' title='bbox 1307 2140 1351 2196; x_wconf 88' lang='lat' dir='ltr'>die</span> <span class='ocrx_word' id='word_1_271' title='bbox 1368 2139 1465 2210; x_wconf 90' lang='lat' dir='ltr'>prelati</span> <span class='ocrx_word' id='word_1_272' title='bbox 1483 2139 1583 2194; x_wconf 90' lang='lat' dir='ltr'>dantur</span> <span class='ocrx_word' id='word_1_273' title='bbox 1600 2138 1770 2205; x_wconf 85' lang='lat' dir='ltr'>stabulario,</span> 
     </span>
     <span class='ocr_line' id='line_1_22' title="bbox 138 2226 1772 2302; baseline 0 -15"><span class='ocrx_word' id='word_1_274' title='bbox 138 2240 216 2288; x_wconf 73' lang='lat' dir='ltr'>marus</span> <span class='ocrx_word' id='word_1_275' title='bbox 229 2230 424 2296; x_wconf 86' lang='lat' dir='ltr'>cessando,sed</span> <span class='ocrx_word' id='word_1_276' title='bbox 435 2229 631 2285; x_wconf 91' lang='lat' dir='ltr'>adearumdem</span> <span class='ocrx_word' id='word_1_277' title='bbox 645 2229 803 2286; x_wconf 89' lang='lat' dir='ltr'>insidiarum</span> <span class='ocrx_word' id='word_1_278' title='bbox 820 2226 927 2283; x_wconf 78' lang='lat' dir='ltr'>fraudes</span> <span class='ocrx_word' id='word_1_279' title='bbox 977 2230 1039 2299; x_wconf 92' lang='lat' dir='ltr'>quia</span> <span class='ocrx_word' id='word_1_280' title='bbox 1055 2238 1117 2285; x_wconf 91' lang='lat' dir='ltr'>tunc</span> <span class='ocrx_word' id='word_1_281' title='bbox 1132 2232 1237 2301; x_wconf 92' lang='lat' dir='ltr'>aperuit</span> <span class='ocrx_word' id='word_1_282' title='bbox 1249 2230 1302 2287; x_wconf 87' lang='lat' dir='ltr'>illis</span> <span class='ocrx_word' id='word_1_283' title='bbox 1317 2245 1442 2295; x_wconf 89' lang='lat' dir='ltr'>sensum,</span> <span class='ocrx_word' id='word_1_284' title='bbox 1459 2239 1489 2285; x_wconf 93' lang='lat' dir='ltr'>ut</span> <span class='ocrx_word' id='word_1_285' title='bbox 1504 2228 1772 2302; x_wconf 64' lang='lat' dir='ltr'>interlinereorseri·</span> 
     </span>
     <span class='ocr_line' id='line_1_23' title="bbox 135 2319 1772 2390; baseline -0.002 -13"><span class='ocrx_word' id='word_1_286' title='bbox 135 2321 305 2379; x_wconf 89' lang='lat' dir='ltr'>occultando.</span> <span class='ocrx_word' id='word_1_287' title='bbox 977 2327 1080 2388; x_wconf 86' lang='lat' dir='ltr'>pturas.</span> <span class='ocrx_word' id='word_1_288' title='bbox 1108 2320 1200 2374; x_wconf 74' lang='lat' dir='ltr'>Altera</span> <span class='ocrx_word' id='word_1_289' title='bbox 1225 2321 1270 2376; x_wconf 90' lang='lat' dir='ltr'>die</span> <span class='ocrx_word' id='word_1_290' title='bbox 1296 2320 1460 2376; x_wconf 87' lang='lat' dir='ltr'>stabularius</span> <span class='ocrx_word' id='word_1_291' title='bbox 1484 2319 1629 2385; x_wconf 84' lang='lat' dir='ltr'>denarios,</span> <span class='ocrx_word' id='word_1_292' title='bbox 1651 2334 1772 2390; x_wconf 84' lang='lat' dir='ltr'>quorum</span> 
     </span>
     <span class='ocr_line' id='line_1_24' title="bbox 173 2407 1772 2481; baseline 0 -15"><span class='ocrx_word' id='word_1_293' title='bbox 173 2410 300 2466; x_wconf 80' lang='lat' dir='ltr'>Semirioo</span> <span class='ocrx_word' id='word_1_294' title='bbox 327 2409 425 2464; x_wconf 85' lang='lat' dir='ltr'>relicto.</span> <span class='ocrx_word' id='word_1_295' title='bbox 457 2407 623 2464; x_wconf 79' lang='lat' dir='ltr'>semivirum</span> <span class='ocrx_word' id='word_1_296' title='bbox 655 2407 839 2477; x_wconf 86' lang='lat' dir='ltr'>reliquerunt,</span> <span class='ocrx_word' id='word_1_297' title='bbox 864 2407 928 2476; x_wconf 90' lang='lat' dir='ltr'>quia</span> <span class='ocrx_word' id='word_1_298' title='bbox 977 2409 1064 2478; x_wconf 89' lang='lat' dir='ltr'>pretio</span> <span class='ocrx_word' id='word_1_299' title='bbox 1087 2409 1258 2465; x_wconf 78' lang='lat' dir='ltr'>uulneratum</span> <span class='ocrx_word' id='word_1_300' title='bbox 1283 2411 1548 2480; x_wconf 71' lang='lat' dir='ltr'>curaretraccepit,</span> <span class='ocrx_word' id='word_1_301' title='bbox 1565 2410 1630 2481; x_wconf 87' lang='lat' dir='ltr'>quia</span> <span class='ocrx_word' id='word_1_302' title='bbox 1649 2409 1772 2481; x_wconf 83' lang='lat' dir='ltr'>Spiritus</span> 
     </span>
     <span class='ocr_line' id='line_1_25' title="bbox 137 2499 1774 2570; baseline 0 -11"><span class='ocrx_word' id='word_1_303' title='bbox 137 2503 331 2559; x_wconf 85' lang='lat' dir='ltr'>beatitudinem</span> <span class='ocrx_word' id='word_1_304' title='bbox 350 2501 411 2556; x_wconf 79' lang='lat' dir='ltr'>ritae</span> <span class='ocrx_word' id='word_1_305' title='bbox 425 2500 586 2556; x_wconf 89' lang='lat' dir='ltr'>immortalis</span> <span class='ocrx_word' id='word_1_306' title='bbox 608 2515 717 2565; x_wconf 79' lang='lat' dir='ltr'>exuere,</span> <span class='ocrx_word' id='word_1_307' title='bbox 731 2499 778 2555; x_wconf 89' lang='lat' dir='ltr'>scd</span> <span class='ocrx_word' id='word_1_308' title='bbox 799 2515 852 2555; x_wconf 92' lang='lat' dir='ltr'>non</span> <span class='ocrx_word' id='word_1_309' title='bbox 867 2514 929 2557; x_wconf 84' lang='lat' dir='ltr'>sen·</span> <span class='ocrx_word' id='word_1_310' title='bbox 978 2508 1088 2554; x_wconf 90' lang='lat' dir='ltr'>sanctus</span> <span class='ocrx_word' id='word_1_311' title='bbox 1104 2500 1251 2556; x_wconf 75' lang='lat' dir='ltr'>adveniens</span> <span class='ocrx_word' id='word_1_312' title='bbox 1275 2501 1367 2556; x_wconf 93' lang='lat' dir='ltr'>docuit</span> <span class='ocrx_word' id='word_1_313' title='bbox 1390 2501 1527 2570; x_wconf 86' lang='lat' dir='ltr'>apostolos</span> <span class='ocrx_word' id='word_1_314' title='bbox 1544 2516 1654 2557; x_wconf 87' lang='lat' dir='ltr'>omnem</span> <span class='ocrx_word' id='word_1_315' title='bbox 1671 2502 1774 2561; x_wconf 81' lang='lat' dir='ltr'>recita·</span> 
     </span>
     <span class='ocr_line' id='line_1_26' title="bbox 138 2590 1773 2662; baseline 0 -13"><span class='ocrx_word' id='word_1_316' title='bbox 138 2609 198 2650; x_wconf 89' lang='lat' dir='ltr'>sum</span> <span class='ocrx_word' id='word_1_317' title='bbox 221 2592 334 2648; x_wconf 89' lang='lat' dir='ltr'>rationis</span> <span class='ocrx_word' id='word_1_318' title='bbox 348 2592 457 2648; x_wconf 89' lang='lat' dir='ltr'>abolere</span> <span class='ocrx_word' id='word_1_319' title='bbox 469 2591 620 2649; x_wconf 90' lang='lat' dir='ltr'>raluerunt.</span> <span class='ocrx_word' id='word_1_320' title='bbox 636 2590 676 2645; x_wconf 82' lang='lat' dir='ltr'>Ex</span> <span class='ocrx_word' id='word_1_321' title='bbox 698 2606 750 2661; x_wconf 93' lang='lat' dir='ltr'>qua</span> <span class='ocrx_word' id='word_1_322' title='bbox 766 2592 837 2647; x_wconf 88' lang='lat' dir='ltr'>enim</span> <span class='ocrx_word' id='word_1_323' title='bbox 852 2599 929 2662; x_wconf 89' lang='lat' dir='ltr'>parte</span> <span class='ocrx_word' id='word_1_324' title='bbox 979 2598 1051 2656; x_wconf 88' lang='grc' dir='ltr'>ιειιι,</span> <span class='ocrx_word' id='word_1_325' title='bbox 1071 2605 1124 2659; x_wconf 95' lang='lat' dir='ltr'>quo</span> <span class='ocrx_word' id='word_1_326' title='bbox 1142 2591 1267 2661; x_wconf 74' lang='lat' dir='ltr'>gentibus</span> <span class='ocrx_word' id='word_1_327' title='bbox 1291 2591 1445 2647; x_wconf 86' lang='lat' dir='ltr'>erudiendis</span> <span class='ocrx_word' id='word_1_328' title='bbox 1461 2591 1564 2647; x_wconf 89' lang='lat' dir='ltr'>instare</span> <span class='ocrx_word' id='word_1_329' title='bbox 1580 2599 1662 2662; x_wconf 84' lang='lat' dir='ltr'>atque</span> <span class='ocrx_word' id='word_1_330' title='bbox 1677 2591 1773 2649; x_wconf 79' lang='lat' dir='ltr'>Evau-</span> 
     </span>
     <span class='ocr_line' id='line_1_27' title="bbox 137 2681 1418 2755; baseline -0.002 -16"><span class='ocrx_word' id='word_1_331' title='bbox 137 2699 233 2755; x_wconf 90' lang='lat' dir='ltr'>sapere</span> <span class='ocrx_word' id='word_1_332' title='bbox 256 2692 285 2739; x_wconf 90' lang='grc' dir='ltr'>ει</span> <span class='ocrx_word' id='word_1_333' title='bbox 308 2699 470 2754; x_wconf 74' lang='lat' dir='ltr'>cognoscere</span> <span class='ocrx_word' id='word_1_334' title='bbox 496 2684 579 2738; x_wconf 87' lang='lat' dir='ltr'>beura</span> <span class='ocrx_word' id='word_1_335' title='bbox 603 2690 692 2754; x_wconf 90' lang='lat' dir='ltr'>potest</span> <span class='ocrx_word' id='word_1_336' title='bbox 713 2683 789 2738; x_wconf 82' lang='lat' dir='ltr'>virtus</span> <span class='ocrx_word' id='word_1_337' title='bbox 812 2691 853 2739; x_wconf 91' lang='lat' dir='ltr'>est</span> <span class='ocrx_word' id='word_1_338' title='bbox 881 2685 929 2739; x_wconf 91' lang='lat' dir='ltr'>bo-</span> <span class='ocrx_word' id='word_1_339' title='bbox 978 2681 1075 2752; x_wconf 76' lang='lat' dir='ltr'>geliuru</span> <span class='ocrx_word' id='word_1_340' title='bbox 1090 2683 1239 2753; x_wconf 87' lang='lat' dir='ltr'>praedicare</span> <span class='ocrx_word' id='word_1_341' title='bbox 1253 2682 1418 2741; x_wconf 84' lang='lat' dir='ltr'>sufficereut.</span> 
     </span>
     <span class='ocr_line' id='line_1_28' title="bbox 140 2771 1773 2846; baseline 0.002 -18"><span class='ocrx_word' id='word_1_342' title='bbox 140 2790 205 2838; x_wconf 81' lang='lat' dir='ltr'>arro,</span> <span class='ocrx_word' id='word_1_343' title='bbox 224 2790 257 2830; x_wconf 83' lang='lat' dir='ltr'>ex</span> <span class='ocrx_word' id='word_1_344' title='bbox 282 2789 335 2844; x_wconf 89' lang='lat' dir='ltr'>qua</span> <span class='ocrx_word' id='word_1_345' title='bbox 355 2788 419 2827; x_wconf 90' lang='lat' dir='ltr'>rero</span> <span class='ocrx_word' id='word_1_346' title='bbox 440 2773 557 2842; x_wconf 88' lang='lat' dir='ltr'>pcccatis</span> <span class='ocrx_word' id='word_1_347' title='bbox 579 2771 747 2828; x_wconf 84' lang='lat' dir='ltr'>contabescit</span> <span class='ocrx_word' id='word_1_348' title='bbox 768 2780 796 2826; x_wconf 91' lang='lat' dir='ltr'>ct</span> <span class='ocrx_word' id='word_1_349' title='bbox 819 2772 929 2827; x_wconf 71' lang='lat' dir='ltr'>miseria</span> <span class='ocrx_word' id='word_1_350' title='bbox 1013 2772 1049 2827; x_wconf 86' lang='lat' dir='ltr'>Et</span> <span class='ocrx_word' id='word_1_351' title='bbox 1067 2773 1238 2845; x_wconf 82' lang='lat' dir='ltr'>quodeunque</span> <span class='ocrx_word' id='word_1_352' title='bbox 1255 2776 1497 2845; x_wconf 84' lang='lat' dir='ltr'>supereroqoeeria,</span> <span class='ocrx_word' id='word_1_353' title='bbox 1524 2790 1571 2846; x_wconf 76' lang='lat' dir='ltr'>eqo</span> <span class='ocrx_word' id='word_1_354' title='bbox 1590 2783 1656 2830; x_wconf 77' lang='lat' dir='ltr'>caat·</span> <span class='ocrx_word' id='word_1_355' title='bbox 1668 2775 1773 2831; x_wconf 71' lang='lat' dir='ltr'>redicre</span> 
     </span>
     <span class='ocr_line' id='line_1_29' title="bbox 138 2862 1774 2937; baseline 0.003 -18"><span class='ocrx_word' id='word_1_356' title='bbox 138 2863 241 2932; x_wconf 82' lang='lat' dir='ltr'>delicit,</span> <span class='ocrx_word' id='word_1_357' title='bbox 255 2871 378 2919; x_wconf 89' lang='lat' dir='ltr'>mortuos</span> <span class='ocrx_word' id='word_1_358' title='bbox 392 2862 474 2929; x_wconf 88' lang='lat' dir='ltr'>idem,</span> <span class='ocrx_word' id='word_1_359' title='bbox 485 2862 663 2934; x_wconf 76' lang='lat' dir='ltr'>lethiferoque</span> <span class='ocrx_word' id='word_1_360' title='bbox 683 2871 725 2918; x_wconf 88' lang='lat' dir='ltr'>est</span> <span class='ocrx_word' id='word_1_361' title='bbox 745 2863 856 2919; x_wconf 83' lang='lat' dir='ltr'>vulnere</span> <span class='ocrx_word' id='word_1_362' title='bbox 880 2862 930 2918; x_wconf 77' lang='grc' dir='ltr'>[ιε-</span> <span class='ocrx_word' id='word_1_363' title='bbox 980 2862 1088 2918; x_wconf 83' lang='lat' dir='ltr'>reddam</span> <span class='ocrx_word' id='word_1_364' title='bbox 1116 2865 1175 2918; x_wconf 86' lang='lat' dir='ltr'>tibi.</span> <span class='ocrx_word' id='word_1_365' title='bbox 1196 2866 1378 2936; x_wconf 78' lang='lat' dir='ltr'>supererogat</span> <span class='ocrx_word' id='word_1_366' title='bbox 1393 2865 1568 2933; x_wconf 89' lang='lat' dir='ltr'>stabularius,</span> <span class='ocrx_word' id='word_1_367' title='bbox 1580 2867 1653 2937; x_wconf 90' lang='lat' dir='ltr'>quod</span> <span class='ocrx_word' id='word_1_368' title='bbox 1666 2867 1696 2922; x_wconf 88' lang='lat' dir='ltr'>in</span> <span class='ocrx_word' id='word_1_369' title='bbox 1707 2867 1774 2925; x_wconf 81' lang='lat' dir='ltr'>dac·</span> 
     </span>
     <span class='ocr_line' id='line_1_30' title="bbox 139 2953 1775 3027; baseline 0.005 -19"><span class='ocrx_word' id='word_1_370' title='bbox 139 2953 227 3008; x_wconf 88' lang='lat' dir='ltr'>datus.</span> <span class='ocrx_word' id='word_1_371' title='bbox 979 2954 1030 3008; x_wconf 92' lang='lat' dir='ltr'>bus</span> <span class='ocrx_word' id='word_1_372' title='bbox 1043 2953 1162 3009; x_wconf 89' lang='lat' dir='ltr'>denariis</span> <span class='ocrx_word' id='word_1_373' title='bbox 1181 2971 1233 3010; x_wconf 93' lang='lat' dir='ltr'>non</span> <span class='ocrx_word' id='word_1_374' title='bbox 1253 2956 1373 3025; x_wconf 87' lang='lat' dir='ltr'>aceepit,</span> <span class='ocrx_word' id='word_1_375' title='bbox 1389 2970 1452 3011; x_wconf 92' lang='lat' dir='ltr'>eum</span> <span class='ocrx_word' id='word_1_376' title='bbox 1468 2956 1534 3026; x_wconf 84' lang='lat' dir='ltr'>dicit</span> <span class='ocrx_word' id='word_1_377' title='bbox 1550 2956 1698 3027; x_wconf 76' lang='lat' dir='ltr'>Apostolos</span> <span class='ocrx_word' id='word_1_378' title='bbox 1712 2976 1720 3013; x_wconf 80' lang='lat' dir='ltr'><strong><em>z</em></strong></span> <span class='ocrx_word' id='word_1_379' title='bbox 1735 2958 1775 3017; x_wconf 78' lang='lat' dir='ltr'>lla</span> 
     </span>
     <span class='ocr_line' id='line_1_31' title="bbox 174 3041 1773 3119; baseline 0.009 -25"><span class='ocrx_word' id='word_1_380' title='bbox 174 3041 398 3107; x_wconf 80' lang='lat' dir='ltr'>decidituutem,</span> <span class='ocrx_word' id='word_1_381' title='bbox 422 3049 475 3096; x_wconf 90' lang='lat' dir='ltr'>etc.</span> <span class='ocrx_word' id='word_1_382' title='bbox 495 3041 629 3098; x_wconf 67' lang='lat' dir='ltr'>sarcerdos</span> <span class='ocrx_word' id='word_1_383' title='bbox 645 3050 673 3097; x_wconf 91' lang='grc' dir='ltr'>ει</span> <span class='ocrx_word' id='word_1_384' title='bbox 687 3041 793 3107; x_wconf 81' lang='lat' dir='ltr'>Levita,</span> <span class='ocrx_word' id='word_1_385' title='bbox 808 3041 854 3112; x_wconf 93' lang='lat' dir='ltr'>qui</span> <span class='ocrx_word' id='word_1_386' title='bbox 872 3041 930 3098; x_wconf 85' lang='lat' dir='ltr'>riso</span> <span class='ocrx_word' id='word_1_387' title='bbox 980 3045 1130 3116; x_wconf 76' lang='lat' dir='ltr'>uirginibus</span> <span class='ocrx_word' id='word_1_388' title='bbox 1154 3055 1244 3103; x_wconf 89' lang='lat' dir='ltr'>autem</span> <span class='ocrx_word' id='word_1_389' title='bbox 1270 3056 1435 3119; x_wconf 76' lang='lat' dir='ltr'>preceptum</span> <span class='ocrx_word' id='word_1_390' title='bbox 1460 3048 1567 3103; x_wconf 84' lang='lat' dir='ltr'>Domini</span> <span class='ocrx_word' id='word_1_391' title='bbox 1590 3065 1645 3105; x_wconf 89' lang='lat' dir='ltr'>non</span> <span class='ocrx_word' id='word_1_392' title='bbox 1670 3050 1773 3116; x_wconf 81' lang='lat' dir='ltr'>babeo.</span> 
     </span>
     <span class='ocr_line' id='line_1_32' title="bbox 140 3102 1775 3209; baseline 0.007 -25"><span class='ocrx_word' id='word_1_393' title='bbox 140 3131 234 3186; x_wconf 86' lang='lat' dir='ltr'>sancio</span> <span class='ocrx_word' id='word_1_394' title='bbox 247 3131 421 3195; x_wconf 87' lang='lat' dir='ltr'>transierunt,</span> <span class='ocrx_word' id='word_1_395' title='bbox 438 3130 618 3186; x_wconf 89' lang='lat' dir='ltr'>sacerdotium</span> <span class='ocrx_word' id='word_1_396' title='bbox 633 3141 660 3187; x_wconf 91' lang='lat' dir='ltr'>et</span> <span class='ocrx_word' id='word_1_397' title='bbox 680 3130 861 3186; x_wconf 87' lang='lat' dir='ltr'>ministerium</span> <span class='ocrx_word' id='word_1_398' title='bbox 879 3102 965 3186; x_wconf 67' lang='lat' dir='ltr'>vec</span> <span class='ocrx_word' id='word_1_399' title='bbox 981 3137 1122 3192; x_wconf 89' lang='lat' dir='ltr'>eonsilium</span> <span class='ocrx_word' id='word_1_400' title='bbox 1139 3145 1229 3193; x_wconf 89' lang='lat' dir='ltr'>autem</span> <span class='ocrx_word' id='word_1_401' title='bbox 1249 3139 1292 3194; x_wconf 91' lang='lat' dir='ltr'>do.</span> <span class='ocrx_word' id='word_1_402' title='bbox 1317 3140 1436 3209; x_wconf 88' lang='lat' dir='ltr'>itemque</span> <span class='ocrx_word' id='word_1_403' title='bbox 1460 3147 1487 3194; x_wconf 87' lang='lat' dir='ltr'>et</span> <span class='ocrx_word' id='word_1_404' title='bbox 1510 3137 1642 3195; x_wconf 78' lang='grc' dir='ltr'>ὓοιιιίιιιιι</span> <span class='ocrx_word' id='word_1_405' title='bbox 1660 3138 1775 3196; x_wconf 82' lang='lat' dir='ltr'>ordina·</span> 
     </span>
     <span class='ocr_line' id='line_1_33' title="bbox 141 3217 1775 3304; baseline 0.009 -31"><span class='ocrx_word' id='word_1_406' title='bbox 141 3219 208 3275; x_wconf 88' lang='lat' dir='ltr'>teria</span> <span class='ocrx_word' id='word_1_407' title='bbox 225 3217 391 3275; x_wconf 82' lang='lat' dir='ltr'>Testamenti</span> <span class='ocrx_word' id='word_1_408' title='bbox 406 3228 466 3285; x_wconf 87' lang='lat' dir='ltr'>est,</span> <span class='ocrx_word' id='word_1_409' title='bbox 487 3220 532 3274; x_wconf 92' lang='lat' dir='ltr'>ubi</span> <span class='ocrx_word' id='word_1_410' title='bbox 547 3236 596 3292; x_wconf 90' lang='lat' dir='ltr'>per</span> <span class='ocrx_word' id='word_1_411' title='bbox 618 3220 687 3292; x_wconf 79' lang='lat' dir='ltr'>legis</span> <span class='ocrx_word' id='word_1_412' title='bbox 705 3221 814 3276; x_wconf 88' lang='lat' dir='ltr'>decreta</span> <span class='ocrx_word' id='word_1_413' title='bbox 838 3222 931 3278; x_wconf 88' lang='lat' dir='ltr'>mundi</span> <span class='ocrx_word' id='word_1_414' title='bbox 981 3230 1021 3284; x_wconf 85' lang='lat' dir='ltr'>rit</span> <span class='ocrx_word' id='word_1_415' title='bbox 1038 3229 1097 3296; x_wconf 86' lang='lat' dir='ltr'>his,</span> <span class='ocrx_word' id='word_1_416' title='bbox 1116 3231 1162 3300; x_wconf 90' lang='lat' dir='ltr'>qui</span> <span class='ocrx_word' id='word_1_417' title='bbox 1180 3230 1355 3302; x_wconf 80' lang='lat' dir='ltr'>Eraugelium</span> <span class='ocrx_word' id='word_1_418' title='bbox 1373 3232 1552 3297; x_wconf 88' lang='lat' dir='ltr'>annuntiant,</span> <span class='ocrx_word' id='word_1_419' title='bbox 1571 3231 1606 3287; x_wconf 91' lang='lat' dir='ltr'>de</span> <span class='ocrx_word' id='word_1_420' title='bbox 1624 3231 1775 3304; x_wconf 70' lang='lat' dir='ltr'>Evangelia</span> 
     </span>
     <span class='ocr_line' id='line_1_34' title="bbox 142 3309 1775 3394; baseline 0.01 -31"><span class='ocrx_word' id='word_1_421' title='bbox 142 3309 295 3379; x_wconf 72' lang='lat' dir='ltr'>languentis</span> <span class='ocrx_word' id='word_1_422' title='bbox 320 3309 432 3364; x_wconf 80' lang='lat' dir='ltr'>vulnera</span> <span class='ocrx_word' id='word_1_423' title='bbox 463 3311 610 3365; x_wconf 88' lang='lat' dir='ltr'>monstrari</span> <span class='ocrx_word' id='word_1_424' title='bbox 640 3319 769 3377; x_wconf 90' lang='lat' dir='ltr'>tantum,</span> <span class='ocrx_word' id='word_1_425' title='bbox 794 3326 848 3366; x_wconf 90' lang='lat' dir='ltr'>non</span> <span class='ocrx_word' id='word_1_426' title='bbox 879 3327 930 3367; x_wconf 90' lang='lat' dir='ltr'>au·</span> <span class='ocrx_word' id='word_1_427' title='bbox 981 3321 1272 3387; x_wconf 82' lang='lat' dir='ltr'>virere,sednonusi</span> <span class='ocrx_word' id='word_1_428' title='bbox 1292 3338 1386 3378; x_wconf 83' lang='lat' dir='ltr'>suranus</span> <span class='ocrx_word' id='word_1_429' title='bbox 1405 3324 1457 3379; x_wconf 91' lang='lat' dir='ltr'>hac</span> <span class='ocrx_word' id='word_1_430' title='bbox 1474 3331 1676 3392; x_wconf 88' lang='lat' dir='ltr'>potestate,ne</span> <span class='ocrx_word' id='word_1_431' title='bbox 1693 3339 1775 3394; x_wconf 82' lang='lat' dir='ltr'>quera</span> 
     </span>
     <span class='ocr_line' id='line_1_35' title="bbox 143 3401 1774 3486; baseline -0.001 -16"><span class='ocrx_word' id='word_1_432' title='bbox 143 3401 303 3458; x_wconf 65' lang='grc'><strong>1111011111</strong></span> <span class='ocrx_word' id='word_1_433' title='bbox 322 3402 796 3474; x_wconf 64' lang='grc' dir='ltr'><strong>9011111111,(ι1111ῑ11111011ῑ111111111,</strong></span> <span class='ocrx_word' id='word_1_434' title='bbox 815 3411 845 3459; x_wconf 80' lang='grc'>111</span> <span class='ocrx_word' id='word_1_435' title='bbox 862 3403 933 3474; x_wconf 50' lang='lat' dir='ltr'>Ab&amp;</span> <span class='ocrx_word' id='word_1_436' title='bbox 981 3420 1101 3467; x_wconf 87' lang='lat' dir='ltr'>restrum</span> <span class='ocrx_word' id='word_1_437' title='bbox 1120 3427 1314 3484; x_wconf 68' lang='lat' dir='ltr'>gravaremus,</span> <span class='ocrx_word' id='word_1_438' title='bbox 1331 3415 1374 3469; x_wconf 89' lang='lat' dir='ltr'>cui</span> <span class='ocrx_word' id='word_1_439' title='bbox 1393 3415 1500 3471; x_wconf 86' lang='lat' dir='ltr'>rediens</span> <span class='ocrx_word' id='word_1_440' title='bbox 1519 3415 1592 3484; x_wconf 88' lang='lat' dir='ltr'>quel</span> <span class='ocrx_word' id='word_1_441' title='bbox 1608 3415 1774 3486; x_wconf 79' lang='lat' dir='ltr'>promiserat</span> 
     </span>
     <span class='ocr_line' id='line_1_36' title="bbox 141 3492 1775 3572; baseline 0.004 -22"><span class='ocrx_word' id='word_1_442' title='bbox 141 3493 226 3551; x_wconf 84' lang='lat' dir='ltr'>stoltrs</span> <span class='ocrx_word' id='word_1_443' title='bbox 239 3495 295 3549; x_wconf 89' lang='lat' dir='ltr'>ait:</span> <span class='ocrx_word' id='word_1_444' title='bbox 317 3494 450 3567; x_wconf 83' lang='lat' dir='ltr'>Sunquiue</span> <span class='ocrx_word' id='word_1_445' title='bbox 465 3494 606 3551; x_wconf 76' lang='lat' dir='ltr'>attuleram</span> <span class='ocrx_word' id='word_1_446' title='bbox 628 3503 652 3549; x_wconf 90' lang='lat' dir='ltr'>et</span> <span class='ocrx_word' id='word_1_447' title='bbox 674 3494 808 3548; x_wconf 85' lang='lat' dir='ltr'>lrireoruot</span> <span class='ocrx_word' id='word_1_448' title='bbox 830 3492 931 3564; x_wconf 68' lang='lat' dir='ltr'>auferri</span> <span class='ocrx_word' id='word_1_449' title='bbox 983 3503 1088 3558; x_wconf 80' lang='lat' dir='ltr'>debitor</span> <span class='ocrx_word' id='word_1_450' title='bbox 1105 3502 1212 3568; x_wconf 82' lang='lat' dir='ltr'>reddet,</span> <span class='ocrx_word' id='word_1_451' title='bbox 1233 3503 1296 3572; x_wconf 91' lang='lat' dir='ltr'>quia</span> <span class='ocrx_word' id='word_1_452' title='bbox 1315 3504 1427 3559; x_wconf 77' lang='lat' dir='ltr'>ueniens</span> <span class='ocrx_word' id='word_1_453' title='bbox 1444 3504 1470 3558; x_wconf 90' lang='lat' dir='ltr'>in</span> <span class='ocrx_word' id='word_1_454' title='bbox 1484 3502 1616 3572; x_wconf 79' lang='lat' dir='ltr'>judicium</span> <span class='ocrx_word' id='word_1_455' title='bbox 1642 3504 1775 3561; x_wconf 75' lang='lat' dir='ltr'>Domitiae</span> 
     </span>
     <span class='ocr_line' id='line_1_37' title="bbox 141 3592 1774 3665; baseline 0.001 -17"><span class='ocrx_word' id='word_1_456' title='bbox 141 3597 275 3657; x_wconf 76' lang='lat' dir='ltr'>peccatu·</span> <span class='ocrx_word' id='word_1_457' title='bbox 982 3592 1049 3649; x_wconf 90' lang='lat' dir='ltr'>dicit</span> <span class='ocrx_word' id='word_1_458' title='bbox 1064 3611 1070 3647; x_wconf 78' lang='grc' dir='ltr'>ι</span> <span class='ocrx_word' id='word_1_459' title='bbox 1087 3592 1154 3660; x_wconf 82' lang='lat' dir='ltr'>Quia</span> <span class='ocrx_word' id='word_1_460' title='bbox 1168 3609 1250 3665; x_wconf 87' lang='lat' dir='ltr'>super</span> <span class='ocrx_word' id='word_1_461' title='bbox 1268 3609 1354 3663; x_wconf 84' lang='lat' dir='ltr'>pauca</span> <span class='ocrx_word' id='word_1_462' title='bbox 1372 3593 1446 3650; x_wconf 83' lang='lat' dir='ltr'>luisti</span> <span class='ocrx_word' id='word_1_463' title='bbox 1466 3593 1570 3658; x_wconf 67' lang='lat' dir='ltr'>brulis,</span> <span class='ocrx_word' id='word_1_464' title='bbox 1589 3609 1672 3664; x_wconf 89' lang='lat' dir='ltr'>super</span> <span class='ocrx_word' id='word_1_465' title='bbox 1690 3593 1774 3650; x_wconf 85' lang='lat' dir='ltr'>multa</span> 
     </span>
     <span class='ocr_line' id='line_1_38' title="bbox 107 3675 1774 3759; baseline 0.002 -30"><span class='ocrx_word' id='word_1_466' title='bbox 107 3700 110 3705; x_wconf 95' lang='lat'>·</span> <span class='ocrx_word' id='word_1_467' title='bbox 178 3675 360 3732; x_wconf 66' lang='lat' dir='ltr'>&amp;montanus</span> <span class='ocrx_word' id='word_1_468' title='bbox 375 3689 462 3734; x_wconf 86' lang='lat' dir='ltr'>eutem</span> <span class='ocrx_word' id='word_1_469' title='bbox 476 3679 583 3750; x_wconf 84' lang='lat' dir='ltr'>quidum</span> <span class='ocrx_word' id='word_1_470' title='bbox 598 3681 790 3735; x_wconf 81' lang='lat' dir='ltr'>r&#39;tertroneiena</span> <span class='ocrx_word' id='word_1_471' title='bbox 805 3679 871 3734; x_wconf 82' lang='lat' dir='ltr'>acuit</span> <span class='ocrx_word' id='word_1_472' title='bbox 885 3696 928 3734; x_wconf 84' lang='lat' dir='ltr'>ae·</span> <span class='ocrx_word' id='word_1_473' title='bbox 982 3697 1009 3744; x_wconf 79' lang='lat' dir='ltr'>te</span> <span class='ocrx_word' id='word_1_474' title='bbox 1031 3687 1208 3749; x_wconf 72' lang='lat' dir='ltr'>constituam,</span> <span class='ocrx_word' id='word_1_475' title='bbox 1233 3687 1306 3742; x_wconf 73' lang='lat' dir='ltr'>intre</span> <span class='ocrx_word' id='word_1_476' title='bbox 1330 3703 1356 3742; x_wconf 72' lang='lat' dir='ltr'>,n</span> <span class='ocrx_word' id='word_1_477' title='bbox 1380 3686 1508 3759; x_wconf 71' lang='lat' dir='ltr'>gaudium</span> <span class='ocrx_word' id='word_1_478' title='bbox 1531 3686 1639 3742; x_wconf 75' lang='lat' dir='ltr'>nemini</span> <span class='ocrx_word' id='word_1_479' title='bbox 1658 3686 1707 3744; x_wconf 66' lang='lat' dir='ltr'>nei</span> <span class='ocrx_word' id='word_1_480' title='bbox 1734 3686 1774 3743; x_wconf 75' lang='lat' dir='ltr'>ani</span> 
     </span>
     <span class='ocr_line' id='line_1_39' title="bbox 145 3768 1161 3854; baseline 0.003 -33"><span class='ocrx_word' id='word_1_481' title='bbox 145 3784 192 3822; x_wconf 84' lang='lat' dir='ltr'>cas</span> <span class='ocrx_word' id='word_1_482' title='bbox 202 3783 273 3833; x_wconf 88' lang='lat' dir='ltr'>eam,</span> <span class='ocrx_word' id='word_1_483' title='bbox 289 3777 313 3822; x_wconf 87' lang='lat' dir='ltr'>et</span> <span class='ocrx_word' id='word_1_484' title='bbox 325 3770 425 3833; x_wconf 79' lang='lat' dir='ltr'>ridear,</span> <span class='ocrx_word' id='word_1_485' title='bbox 441 3778 501 3854; x_wconf 30' lang='lat' dir='ltr'>cte..</span> <span class='ocrx_word' id='word_1_486' title='bbox 511 3768 698 3826; x_wconf 87' lang='lat' dir='ltr'>Samaritanus</span> <span class='ocrx_word' id='word_1_487' title='bbox 713 3771 759 3841; x_wconf 91' lang='lat' dir='ltr'>qui</span> <span class='ocrx_word' id='word_1_488' title='bbox 772 3770 933 3839; x_wconf 88' lang='lat' dir='ltr'>interpreta·</span> <span class='ocrx_word' id='word_1_489' title='bbox 983 3779 1070 3851; x_wconf 63' lang='lat' dir='ltr'>(nne,</span> <span class='ocrx_word' id='word_1_490' title='bbox 1088 3795 1126 3833; x_wconf 70' lang='lat' dir='ltr'>nn</span> <span class='ocrx_word' id='word_1_491' title='bbox 1141 3778 1161 3850; x_wconf 76' lang='lat'>),</span> 
     </span>
     <span class='ocr_line' id='line_1_40' title="bbox 142 3857 1777 3943; baseline 0.002 -33"><span class='ocrx_word' id='word_1_492' title='bbox 142 3864 189 3910; x_wconf 86' lang='lat' dir='ltr'>tur</span> <span class='ocrx_word' id='word_1_493' title='bbox 202 3864 311 3922; x_wconf 89' lang='lat' dir='ltr'>costos,</span> <span class='ocrx_word' id='word_1_494' title='bbox 325 3857 408 3912; x_wconf 82' lang='grc' dir='ltr'>ὓειιιιι</span> <span class='ocrx_word' id='word_1_495' title='bbox 422 3858 574 3929; x_wconf 76' lang='lat' dir='ltr'>signifieat,</span> <span class='ocrx_word' id='word_1_496' title='bbox 589 3860 632 3914; x_wconf 90' lang='lat' dir='ltr'>eui</span> <span class='ocrx_word' id='word_1_497' title='bbox 648 3859 799 3915; x_wconf 87' lang='lat' dir='ltr'>rectissime</span> <span class='ocrx_word' id='word_1_498' title='bbox 811 3858 932 3930; x_wconf 85' lang='lat' dir='ltr'>Prophe·</span> <span class='ocrx_word' id='word_1_499' title='bbox 1018 3870 1084 3937; x_wconf 62' lang='lat' dir='ltr'>Qut,</span> <span class='ocrx_word' id='word_1_500' title='bbox 1107 3872 1201 3926; x_wconf 69' lang='lat' dir='ltr'>neren.</span> <span class='ocrx_word' id='word_1_501' title='bbox 1223 3872 1305 3926; x_wconf 56' lang='lat' dir='ltr'>retem</span> <span class='ocrx_word' id='word_1_502' title='bbox 1326 3872 1429 3928; x_wconf 63' lang='lat' dir='ltr'>„taeter</span> <span class='ocrx_word' id='word_1_503' title='bbox 1449 3873 1497 3927; x_wconf 64' lang='lat' dir='ltr'>rete·</span> <span class='ocrx_word' id='word_1_504' title='bbox 1512 3873 1651 3943; x_wconf 59' lang='lat' dir='ltr'>prom„</span> <span class='ocrx_word' id='word_1_505' title='bbox 1671 3871 1754 3940; x_wconf 50' lang='grc' dir='ltr'>[Μ</span> <span class='ocrx_word' id='word_1_506' title='bbox 1763 3872 1777 3927; x_wconf 70' lang='lat'><em>2</em></span> 
     </span>
     <span class='ocr_line' id='line_1_41' title="bbox 144 3947 1775 4029; baseline 0.004 -16"><span class='ocrx_word' id='word_1_507' title='bbox 144 3957 186 4013; x_wconf 72' lang='grc'>111,</span> <span class='ocrx_word' id='word_1_508' title='bbox 199 3963 233 4004; x_wconf 63' lang='grc'>111</span> <span class='ocrx_word' id='word_1_509' title='bbox 246 3948 296 4006; x_wconf 77' lang='lat'><strong>¹¹⁰⁸</strong></span> <span class='ocrx_word' id='word_1_510' title='bbox 309 3949 526 4020; x_wconf 64' lang='grc'>1111011311111311</span> <span class='ocrx_word' id='word_1_511' title='bbox 542 3949 694 4015; x_wconf 60' lang='lat' dir='ltr'>imum.</span> <span class='ocrx_word' id='word_1_512' title='bbox 711 3948 844 4020; x_wconf 61' lang='lat' dir='ltr'>Sulllffiffil</span> <span class='ocrx_word' id='word_1_513' title='bbox 857 3963 865 4002; x_wconf 74' lang='lat'><strong>²</strong></span> <span class='ocrx_word' id='word_1_514' title='bbox 879 3947 932 4003; x_wconf 71' lang='lat'><strong>0¹¹·</strong></span> <span class='ocrx_word' id='word_1_515' title='bbox 982 3972 1035 4020; x_wconf 87' lang='lat' dir='ltr'>etc.</span> <span class='ocrx_word' id='word_1_516' title='bbox 1051 3962 1131 4018; x_wconf 80' lang='lat' dir='ltr'>turta</span> <span class='ocrx_word' id='word_1_517' title='bbox 1146 3962 1264 4018; x_wconf 88' lang='lat' dir='ltr'>litteram</span> <span class='ocrx_word' id='word_1_518' title='bbox 1279 3963 1421 4020; x_wconf 79' lang='lat' dir='ltr'>manifesta</span> <span class='ocrx_word' id='word_1_519' title='bbox 1438 3973 1481 4020; x_wconf 89' lang='lat' dir='ltr'>est</span> <span class='ocrx_word' id='word_1_520' title='bbox 1499 3964 1607 4020; x_wconf 79' lang='grc' dir='ltr'>ὓοιιιίιιί</span> <span class='ocrx_word' id='word_1_521' title='bbox 1624 3964 1775 4029; x_wconf 75' lang='lat' dir='ltr'>sentmtla,</span> 
     </span>
     <span class='ocr_line' id='line_1_42' title="bbox 142 4039 1776 4126; baseline 0.002 -19"><span class='ocrx_word' id='word_1_522' title='bbox 142 4040 213 4096; x_wconf 72' lang='grc'><strong>1111111</strong></span> <span class='ocrx_word' id='word_1_523' title='bbox 235 4039 931 4112; x_wconf 64' lang='grc' dir='ltr'><strong>1111,ἱ11ι1111111ι111111110(111111111111111111111111Ιι</strong></span> <span class='ocrx_word' id='word_1_524' title='bbox 982 4053 1086 4108; x_wconf 92' lang='lat' dir='ltr'>nullum</span> <span class='ocrx_word' id='word_1_525' title='bbox 1109 4053 1188 4109; x_wconf 91' lang='lat' dir='ltr'>nobis</span> <span class='ocrx_word' id='word_1_526' title='bbox 1208 4054 1324 4125; x_wconf 87' lang='lat' dir='ltr'>amplios</span> <span class='ocrx_word' id='word_1_527' title='bbox 1348 4070 1428 4125; x_wconf 90' lang='lat' dir='ltr'>qoam</span> <span class='ocrx_word' id='word_1_528' title='bbox 1453 4056 1499 4126; x_wconf 91' lang='lat' dir='ltr'>qui</span> <span class='ocrx_word' id='word_1_529' title='bbox 1527 4055 1695 4111; x_wconf 87' lang='lat' dir='ltr'>misereatur</span> <span class='ocrx_word' id='word_1_530' title='bbox 1714 4068 1776 4111; x_wconf 83' lang='lat' dir='ltr'>ease</span> 
     </span>
    </p>
   </div>
   <div class='ocr_carea' id='block_1_3' title="bbox 68 4129 1831 5392">
    <p class='ocr_par' dir='ltr' id='par_1_3' title="bbox 68 4129 1831 5392">
     <span class='ocr_line' id='line_1_43' title="bbox 143 4129 1774 4219; baseline 0.008 -33"><span class='ocrx_word' id='word_1_531' title='bbox 143 4141 171 4186; x_wconf 88' lang='lat' dir='ltr'>et</span> <span class='ocrx_word' id='word_1_532' title='bbox 186 4148 201 4185; x_wconf 89' lang='lat' dir='ltr'>a</span> <span class='ocrx_word' id='word_1_533' title='bbox 215 4133 350 4188; x_wconf 87' lang='lat' dir='ltr'>scandalis</span> <span class='ocrx_word' id='word_1_534' title='bbox 431 4133 539 4190; x_wconf 88' lang='lat' dir='ltr'>antibus</span> <span class='ocrx_word' id='word_1_535' title='bbox 554 4133 726 4205; x_wconf 86' lang='lat' dir='ltr'>iniquitatem</span> <span class='ocrx_word' id='word_1_536' title='bbox 742 4129 838 4205; x_wconf 84' lang='lat' dir='ltr'>(Paul.</span> <span class='ocrx_word' id='word_1_537' title='bbox 852 4130 932 4204; x_wconf 83' lang='lat' dir='ltr'>exe).</span> <span class='ocrx_word' id='word_1_538' title='bbox 983 4145 1153 4214; x_wconf 62' lang='lat' dir='ltr'>morinum,</span> <span class='ocrx_word' id='word_1_539' title='bbox 1174 4145 1222 4202; x_wconf 74' lang='lat' dir='ltr'>red</span> <span class='ocrx_word' id='word_1_540' title='bbox 1249 4146 1452 4219; x_wconf 70' lang='lat' dir='ltr'>lliernrelynnti</span> <span class='ocrx_word' id='word_1_541' title='bbox 1476 4148 1529 4204; x_wconf 74' lang='lat' dir='ltr'>einr</span> <span class='ocrx_word' id='word_1_542' title='bbox 1552 4164 1608 4205; x_wconf 79' lang='lat' dir='ltr'>nen</span> <span class='ocrx_word' id='word_1_543' title='bbox 1628 4148 1774 4215; x_wconf 68' lang='lat' dir='ltr'>neerdea,</span> 
     </span>
     <span class='ocr_line' id='line_1_44' title="bbox 143 4148 1776 4309; baseline 0.01 -30"><span class='ocrx_word' id='word_1_544' title='bbox 143 4223 195 4289; x_wconf 81' lang='lat' dir='ltr'>out</span> <span class='ocrx_word' id='word_1_545' title='bbox 213 4232 324 4293; x_wconf 83' lang='lat' dir='ltr'>propter</span> <span class='ocrx_word' id='word_1_546' title='bbox 340 4148 541 4291; x_wconf 49' lang='lat' dir='ltr'>uoospaeminca.</span> <span class='ocrx_word' id='word_1_547' title='bbox 558 4233 586 4281; x_wconf 87' lang='lat' dir='ltr'>et</span> <span class='ocrx_word' id='word_1_548' title='bbox 602 4233 715 4296; x_wconf 90' lang='lat' dir='ltr'>propter</span> <span class='ocrx_word' id='word_1_549' title='bbox 726 4233 848 4280; x_wconf 86' lang='lat' dir='ltr'>nostram</span> <span class='ocrx_word' id='word_1_550' title='bbox 861 4223 933 4280; x_wconf 76' lang='grc'><strong>11111·</strong></span> <span class='ocrx_word' id='word_1_551' title='bbox 983 4250 1037 4290; x_wconf 88' lang='lat' dir='ltr'>nou</span> <span class='ocrx_word' id='word_1_552' title='bbox 1052 4234 1132 4290; x_wconf 85' lang='lat' dir='ltr'>levita</span> <span class='ocrx_word' id='word_1_553' title='bbox 1145 4252 1179 4291; x_wconf 85' lang='lat' dir='ltr'>ex</span> <span class='ocrx_word' id='word_1_554' title='bbox 1192 4237 1286 4292; x_wconf 86' lang='lat' dir='ltr'>eadem</span> <span class='ocrx_word' id='word_1_555' title='bbox 1300 4247 1398 4309; x_wconf 74' lang='lat' dir='ltr'>genu,</span> <span class='ocrx_word' id='word_1_556' title='bbox 1415 4239 1470 4294; x_wconf 86' lang='lat' dir='ltr'>imo</span> <span class='ocrx_word' id='word_1_557' title='bbox 1486 4240 1513 4294; x_wconf 92' lang='lat' dir='ltr'>in</span> <span class='ocrx_word' id='word_1_558' title='bbox 1527 4242 1622 4296; x_wconf 81' lang='lat' dir='ltr'>eadem</span> <span class='ocrx_word' id='word_1_559' title='bbox 1637 4242 1706 4297; x_wconf 85' lang='lat' dir='ltr'>orbe</span> <span class='ocrx_word' id='word_1_560' title='bbox 1720 4240 1776 4297; x_wconf 74' lang='lat' dir='ltr'>naa</span> 
     </span>
     <span class='ocr_line' id='line_1_45' title="bbox 144 4316 1777 4402; baseline 0.012 -34"><span class='ocrx_word' id='word_1_561' title='bbox 144 4322 199 4369; x_wconf 84' lang='lat' dir='ltr'>tem</span> <span class='ocrx_word' id='word_1_562' title='bbox 219 4316 385 4373; x_wconf 87' lang='lat' dir='ltr'>descendens</span> <span class='ocrx_word' id='word_1_563' title='bbox 401 4316 435 4373; x_wconf 89' lang='lat' dir='ltr'>de</span> <span class='ocrx_word' id='word_1_564' title='bbox 453 4317 536 4383; x_wconf 86' lang='lat' dir='ltr'>coelo,</span> <span class='ocrx_word' id='word_1_565' title='bbox 552 4318 615 4373; x_wconf 82' lang='lat' dir='ltr'>rite</span> <span class='ocrx_word' id='word_1_566' title='bbox 631 4318 773 4388; x_wconf 76' lang='lat' dir='ltr'>praesentis</span> <span class='ocrx_word' id='word_1_567' title='bbox 793 4319 846 4373; x_wconf 90' lang='lat' dir='ltr'>iter</span> <span class='ocrx_word' id='word_1_568' title='bbox 863 4316 934 4373; x_wconf 88' lang='lat' dir='ltr'>arri·</span> <span class='ocrx_word' id='word_1_569' title='bbox 983 4334 1011 4380; x_wconf 91' lang='grc' dir='ltr'>ει</span> <span class='ocrx_word' id='word_1_570' title='bbox 1035 4327 1143 4392; x_wconf 88' lang='lat' dir='ltr'>nutriti,</span> <span class='ocrx_word' id='word_1_571' title='bbox 1169 4327 1216 4382; x_wconf 91' lang='lat' dir='ltr'>sed</span> <span class='ocrx_word' id='word_1_572' title='bbox 1240 4338 1342 4384; x_wconf 82' lang='lat' dir='ltr'>exterae</span> <span class='ocrx_word' id='word_1_573' title='bbox 1364 4329 1453 4400; x_wconf 76' lang='lat' dir='ltr'>gentis</span> <span class='ocrx_word' id='word_1_574' title='bbox 1475 4328 1585 4395; x_wconf 88' lang='lat' dir='ltr'>accola,</span> <span class='ocrx_word' id='word_1_575' title='bbox 1608 4331 1673 4401; x_wconf 88' lang='lat' dir='ltr'>quia</span> <span class='ocrx_word' id='word_1_576' title='bbox 1690 4330 1777 4402; x_wconf 65' lang='lat' dir='ltr'>maria</span> 
     </span>
     <span class='ocr_line' id='line_1_46' title="bbox 144 4411 1775 4512; baseline 0.009 -50"><span class='ocrx_word' id='word_1_577' title='bbox 144 4412 218 4476; x_wconf 86' lang='lat' dir='ltr'>pult,</span> <span class='ocrx_word' id='word_1_578' title='bbox 233 4417 261 4464; x_wconf 90' lang='grc' dir='ltr'>ει</span> <span class='ocrx_word' id='word_1_579' title='bbox 274 4411 348 4465; x_wconf 80' lang='lat' dir='ltr'>veuit</span> <span class='ocrx_word' id='word_1_580' title='bbox 361 4426 441 4467; x_wconf 88' lang='lat' dir='ltr'>secus</span> <span class='ocrx_word' id='word_1_581' title='bbox 460 4426 522 4467; x_wconf 85' lang='lat' dir='ltr'>earm</span> <span class='ocrx_word' id='word_1_582' title='bbox 544 4413 590 4483; x_wconf 91' lang='lat' dir='ltr'>qui</span> <span class='ocrx_word' id='word_1_583' title='bbox 604 4413 762 4469; x_wconf 82' lang='lat' dir='ltr'>volneribus</span> <span class='ocrx_word' id='word_1_584' title='bbox 775 4413 934 4469; x_wconf 81' lang='lat' dir='ltr'>tabescebat</span> <span class='ocrx_word' id='word_1_585' title='bbox 945 4452 972 4512; x_wconf 74' lang='lat' dir='ltr'>D</span> <span class='ocrx_word' id='word_1_586' title='bbox 984 4417 1112 4474; x_wconf 87' lang='lat' dir='ltr'>misertos</span> <span class='ocrx_word' id='word_1_587' title='bbox 1124 4428 1181 4485; x_wconf 87' lang='lat' dir='ltr'>est,</span> <span class='ocrx_word' id='word_1_588' title='bbox 1196 4417 1283 4475; x_wconf 83' lang='lat' dir='ltr'>iactus</span> <span class='ocrx_word' id='word_1_589' title='bbox 1296 4427 1338 4475; x_wconf 87' lang='lat' dir='ltr'>est</span> <span class='ocrx_word' id='word_1_590' title='bbox 1349 4420 1499 4490; x_wconf 85' lang='lat' dir='ltr'>proximus.</span> <span class='ocrx_word' id='word_1_591' title='bbox 1515 4419 1673 4476; x_wconf 80' lang='lat' dir='ltr'>sacratiore</span> <span class='ocrx_word' id='word_1_592' title='bbox 1686 4429 1775 4477; x_wconf 83' lang='lat' dir='ltr'>autera</span> 
     </span>
     <span class='ocr_line' id='line_1_47' title="bbox 146 4496 1775 4584; baseline 0.01 -32"><span class='ocrx_word' id='word_1_593' title='bbox 146 4496 265 4564; x_wconf 83' lang='lat' dir='ltr'>iardictis,</span> <span class='ocrx_word' id='word_1_594' title='bbox 281 4501 403 4565; x_wconf 86' lang='lat' dir='ltr'>hoeest,</span> <span class='ocrx_word' id='word_1_595' title='bbox 418 4501 445 4555; x_wconf 91' lang='lat' dir='ltr'>in</span> <span class='ocrx_word' id='word_1_596' title='bbox 460 4503 662 4559; x_wconf 88' lang='lat' dir='ltr'>similitudinem</span> <span class='ocrx_word' id='word_1_597' title='bbox 678 4504 818 4560; x_wconf 88' lang='lat' dir='ltr'>hominurn</span> <span class='ocrx_word' id='word_1_598' title='bbox 834 4504 932 4570; x_wconf 85' lang='lat' dir='ltr'>iactos,</span> <span class='ocrx_word' id='word_1_599' title='bbox 985 4509 1140 4576; x_wconf 86' lang='lat' dir='ltr'>intellectu,</span> <span class='ocrx_word' id='word_1_600' title='bbox 1154 4511 1283 4580; x_wconf 85' lang='lat' dir='ltr'>quoniam</span> <span class='ocrx_word' id='word_1_601' title='bbox 1306 4527 1386 4568; x_wconf 89' lang='lat' dir='ltr'>nemo</span> <span class='ocrx_word' id='word_1_602' title='bbox 1407 4514 1494 4584; x_wconf 77' lang='lat' dir='ltr'>magis</span> <span class='ocrx_word' id='word_1_603' title='bbox 1516 4512 1675 4584; x_wconf 86' lang='lat' dir='ltr'>pmaimus,</span> <span class='ocrx_word' id='word_1_604' title='bbox 1694 4528 1775 4584; x_wconf 85' lang='lat' dir='ltr'>quana</span> 
     </span>
     <span class='ocr_line' id='line_1_48' title="bbox 145 4588 1774 4674; baseline 0.01 -32"><span class='ocrx_word' id='word_1_605' title='bbox 145 4597 174 4642; x_wconf 89' lang='lat' dir='ltr'>et</span> <span class='ocrx_word' id='word_1_606' title='bbox 195 4588 288 4644; x_wconf 85' lang='lat' dir='ltr'>babitu</span> <span class='ocrx_word' id='word_1_607' title='bbox 312 4590 437 4646; x_wconf 83' lang='lat' dir='ltr'>intentus</span> <span class='ocrx_word' id='word_1_608' title='bbox 455 4599 484 4645; x_wconf 93' lang='lat' dir='ltr'>ut</span> <span class='ocrx_word' id='word_1_609' title='bbox 502 4593 581 4648; x_wconf 88' lang='lat' dir='ltr'>bomo</span> <span class='ocrx_word' id='word_1_610' title='bbox 601 4591 729 4665; x_wconf 66' lang='lat' dir='ltr'>(Philipp.</span> <span class='ocrx_word' id='word_1_611' title='bbox 749 4593 793 4665; x_wconf 88' lang='grc' dir='ltr'>ιι),</span> <span class='ocrx_word' id='word_1_612' title='bbox 810 4609 935 4662; x_wconf 85' lang='lat' dir='ltr'>compas-</span> <span class='ocrx_word' id='word_1_613' title='bbox 985 4600 1032 4670; x_wconf 91' lang='lat' dir='ltr'>qui</span> <span class='ocrx_word' id='word_1_614' title='bbox 1050 4601 1163 4655; x_wconf 82' lang='lat' dir='ltr'>vulnera</span> <span class='ocrx_word' id='word_1_615' title='bbox 1179 4612 1272 4656; x_wconf 88' lang='lat' dir='ltr'>nostra</span> <span class='ocrx_word' id='word_1_616' title='bbox 1289 4603 1412 4668; x_wconf 85' lang='lat' dir='ltr'>curarit,</span> <span class='ocrx_word' id='word_1_617' title='bbox 1429 4603 1574 4674; x_wconf 70' lang='lat' dir='ltr'>diligamus</span> <span class='ocrx_word' id='word_1_618' title='bbox 1603 4618 1669 4658; x_wconf 91' lang='lat' dir='ltr'>eum</span> <span class='ocrx_word' id='word_1_619' title='bbox 1696 4604 1774 4674; x_wconf 86' lang='lat' dir='ltr'>quasi</span> 
     </span>
     <span class='ocr_line' id='line_1_49' title="bbox 146 4676 1777 4764; baseline 0.012 -34"><span class='ocrx_word' id='word_1_620' title='bbox 146 4676 231 4732; x_wconf 73' lang='lat' dir='ltr'>donis</span> <span class='ocrx_word' id='word_1_621' title='bbox 248 4687 348 4734; x_wconf 79' lang='lat' dir='ltr'>nostra</span> <span class='ocrx_word' id='word_1_622' title='bbox 361 4681 532 4750; x_wconf 85' lang='lat' dir='ltr'>susceptione</span> <span class='ocrx_word' id='word_1_623' title='bbox 545 4681 725 4753; x_wconf 89' lang='lat' dir='ltr'>linitimos,et</span> <span class='ocrx_word' id='word_1_624' title='bbox 741 4684 936 4741; x_wconf 82' lang='lat' dir='ltr'>misericordiae</span> <span class='ocrx_word' id='word_1_625' title='bbox 987 4690 1129 4745; x_wconf 86' lang='lat' dir='ltr'>bominum</span> <span class='ocrx_word' id='word_1_626' title='bbox 1152 4691 1235 4746; x_wconf 75' lang='lat' dir='ltr'>laeum</span> <span class='ocrx_word' id='word_1_627' title='bbox 1261 4700 1400 4757; x_wconf 88' lang='lat' dir='ltr'>nostrum,</span> <span class='ocrx_word' id='word_1_628' title='bbox 1425 4693 1570 4763; x_wconf 78' lang='lat' dir='ltr'>diligamus</span> <span class='ocrx_word' id='word_1_629' title='bbox 1585 4693 1665 4762; x_wconf 82' lang='lat' dir='ltr'>quasi</span> <span class='ocrx_word' id='word_1_630' title='bbox 1686 4694 1777 4764; x_wconf 82' lang='lat' dir='ltr'>prosi·</span> 
     </span>
     <span class='ocr_line' id='line_1_50' title="bbox 146 4765 1776 4856; baseline 0.012 -35"><span class='ocrx_word' id='word_1_631' title='bbox 146 4765 234 4823; x_wconf 82' lang='lat' dir='ltr'>laetus</span> <span class='ocrx_word' id='word_1_632' title='bbox 246 4775 289 4823; x_wconf 88' lang='lat' dir='ltr'>est</span> <span class='ocrx_word' id='word_1_633' title='bbox 300 4768 485 4828; x_wconf 88' lang='lat' dir='ltr'>consolatione</span> <span class='ocrx_word' id='word_1_634' title='bbox 496 4772 612 4830; x_wconf 78' lang='lat' dir='ltr'>ricinus.</span> <span class='ocrx_word' id='word_1_635' title='bbox 987 4798 1080 4849; x_wconf 89' lang='lat' dir='ltr'>mum,</span> <span class='ocrx_word' id='word_1_636' title='bbox 1109 4782 1176 4838; x_wconf 88' lang='lat' dir='ltr'>nibil</span> <span class='ocrx_word' id='word_1_637' title='bbox 1205 4784 1277 4839; x_wconf 89' lang='lat' dir='ltr'>euim</span> <span class='ocrx_word' id='word_1_638' title='bbox 1306 4793 1362 4839; x_wconf 87' lang='lat' dir='ltr'>tam</span> <span class='ocrx_word' id='word_1_639' title='bbox 1387 4786 1562 4854; x_wconf 87' lang='lat' dir='ltr'>proximum,</span> <span class='ocrx_word' id='word_1_640' title='bbox 1587 4798 1671 4854; x_wconf 86' lang='lat' dir='ltr'>quam</span> <span class='ocrx_word' id='word_1_641' title='bbox 1696 4792 1776 4856; x_wconf 70' lang='lat' dir='ltr'>rapot</span> 
     </span>
     <span class='ocr_line' id='line_1_51' title="bbox 182 4854 1777 4943; baseline 0.006 -33"><span class='ocrx_word' id='word_1_642' title='bbox 182 4854 216 4910; x_wconf 74' lang='lat' dir='ltr'>El</span> <span class='ocrx_word' id='word_1_643' title='bbox 231 4858 398 4929; x_wconf 68' lang='lat' dir='ltr'>appropiant,</span> <span class='ocrx_word' id='word_1_644' title='bbox 413 4858 649 4933; x_wconf 80' lang='lat' dir='ltr'>alliquoitaalneru</span> <span class='ocrx_word' id='word_1_645' title='bbox 662 4863 736 4935; x_wconf 67' lang='lat' dir='ltr'>ajat,</span> <span class='ocrx_word' id='word_1_646' title='bbox 750 4871 804 4919; x_wconf 79' lang='lat' dir='ltr'>etc.</span> <span class='ocrx_word' id='word_1_647' title='bbox 819 4862 935 4920; x_wconf 68' lang='lat' dir='ltr'>Peccata</span> <span class='ocrx_word' id='word_1_648' title='bbox 987 4870 1132 4939; x_wconf 78' lang='lat' dir='ltr'>membris,</span> <span class='ocrx_word' id='word_1_649' title='bbox 1162 4871 1306 4943; x_wconf 73' lang='lat' dir='ltr'>diligamus</span> <span class='ocrx_word' id='word_1_650' title='bbox 1327 4873 1411 4929; x_wconf 72' lang='lat' dir='ltr'>etiam</span> <span class='ocrx_word' id='word_1_651' title='bbox 1434 4888 1497 4928; x_wconf 76' lang='lat' dir='ltr'>eum</span> <span class='ocrx_word' id='word_1_652' title='bbox 1520 4873 1566 4943; x_wconf 84' lang='lat' dir='ltr'>qui</span> <span class='ocrx_word' id='word_1_653' title='bbox 1590 4873 1715 4929; x_wconf 70' lang='lat' dir='ltr'>imitator</span> <span class='ocrx_word' id='word_1_654' title='bbox 1734 4882 1777 4930; x_wconf 61' lang='grc' dir='ltr'><strong>α</strong></span> 
     </span>
     <span class='ocr_line' id='line_1_52' title="bbox 68 4946 1098 5025; baseline 0.008 -24"><span class='ocrx_word' id='word_1_655' title='bbox 68 4986 71 4994; x_wconf 92' lang='grc'>.</span> <span class='ocrx_word' id='word_1_656' title='bbox 146 4959 207 5015; x_wconf 76' lang='lat' dir='ltr'>quae</span> <span class='ocrx_word' id='word_1_657' title='bbox 227 4946 255 5001; x_wconf 92' lang='lat' dir='ltr'>in</span> <span class='ocrx_word' id='word_1_658' title='bbox 274 4948 428 5006; x_wconf 86' lang='lat' dir='ltr'>bominibus</span> <span class='ocrx_word' id='word_1_659' title='bbox 446 4950 569 5018; x_wconf 83' lang='lat' dir='ltr'>invenit,</span> <span class='ocrx_word' id='word_1_660' title='bbox 590 4953 776 5025; x_wconf 75' lang='lat' dir='ltr'>redarnreodo</span> <span class='ocrx_word' id='word_1_661' title='bbox 794 4952 934 5019; x_wconf 83' lang='lat' dir='ltr'>cohibuit,</span> <span class='ocrx_word' id='word_1_662' title='bbox 986 4960 1098 5017; x_wconf 73' lang='lat' dir='ltr'>carried.</span> 
     </span>
     <span class='ocr_line' id='line_1_53' title="bbox 146 5039 1778 5119; baseline 0.01 -27"><span class='ocrx_word' id='word_1_663' title='bbox 146 5053 223 5109; x_wconf 84' lang='lat' dir='ltr'>opem</span> <span class='ocrx_word' id='word_1_664' title='bbox 236 5039 320 5095; x_wconf 84' lang='lat' dir='ltr'>reniae</span> <span class='ocrx_word' id='word_1_665' title='bbox 332 5041 540 5112; x_wconf 73' lang='lat' dir='ltr'>penitentibus,</span> <span class='ocrx_word' id='word_1_666' title='bbox 555 5052 687 5100; x_wconf 85' lang='lat' dir='ltr'>terrorem</span> <span class='ocrx_word' id='word_1_667' title='bbox 700 5059 788 5115; x_wconf 84' lang='lat' dir='ltr'>poeoae</span> <span class='ocrx_word' id='word_1_668' title='bbox 798 5043 937 5115; x_wconf 86' lang='lat' dir='ltr'>peccanti·</span> <span class='ocrx_word' id='word_1_669' title='bbox 1024 5049 1057 5104; x_wconf 83' lang='lat' dir='ltr'>Et</span> <span class='ocrx_word' id='word_1_670' title='bbox 1076 5050 1114 5105; x_wconf 83' lang='lat' dir='ltr'>ait</span> <span class='ocrx_word' id='word_1_671' title='bbox 1132 5049 1172 5105; x_wconf 87' lang='lat' dir='ltr'>illi</span> <span class='ocrx_word' id='word_1_672' title='bbox 1183 5049 1283 5106; x_wconf 79' lang='lat' dir='ltr'>Jecur:</span> <span class='ocrx_word' id='word_1_673' title='bbox 1302 5049 1374 5107; x_wconf 80' lang='lat' dir='ltr'>Vade</span> <span class='ocrx_word' id='word_1_674' title='bbox 1386 5061 1410 5107; x_wconf 86' lang='lat' dir='ltr'>et</span> <span class='ocrx_word' id='word_1_675' title='bbox 1425 5061 1471 5119; x_wconf 87' lang='lat' dir='ltr'>ta,</span> <span class='ocrx_word' id='word_1_676' title='bbox 1485 5060 1539 5108; x_wconf 89' lang='lat' dir='ltr'>ete.</span> <span class='ocrx_word' id='word_1_677' title='bbox 1553 5051 1656 5118; x_wconf 87' lang='lat' dir='ltr'>idest,</span> <span class='ocrx_word' id='word_1_678' title='bbox 1669 5060 1701 5106; x_wconf 91' lang='lat' dir='ltr'>ut</span> <span class='ocrx_word' id='word_1_679' title='bbox 1714 5066 1778 5109; x_wconf 76' lang='lat' dir='ltr'>rere</span> 
     </span>
     <span class='ocr_line' id='line_1_54' title="bbox 146 5127 1777 5213; baseline 0.01 -31"><span class='ocrx_word' id='word_1_680' title='bbox 146 5127 198 5183; x_wconf 89' lang='lat' dir='ltr'>bus</span> <span class='ocrx_word' id='word_1_681' title='bbox 212 5128 356 5187; x_wconf 88' lang='lat' dir='ltr'>incutiens.</span> <span class='ocrx_word' id='word_1_682' title='bbox 374 5132 474 5204; x_wconf 77' lang='lat' dir='ltr'>diligat</span> <span class='ocrx_word' id='word_1_683' title='bbox 492 5134 564 5189; x_wconf 90' lang='lat' dir='ltr'>enim</span> <span class='ocrx_word' id='word_1_684' title='bbox 582 5135 694 5189; x_wconf 82' lang='lat' dir='ltr'>uulnera</span> <span class='ocrx_word' id='word_1_685' title='bbox 711 5134 775 5189; x_wconf 85' lang='lat' dir='ltr'>dum</span> <span class='ocrx_word' id='word_1_686' title='bbox 792 5136 935 5205; x_wconf 76' lang='lat' dir='ltr'>precipit:</span> <span class='ocrx_word' id='word_1_687' title='bbox 987 5148 1013 5196; x_wconf 91' lang='lat' dir='ltr'>te</span> <span class='ocrx_word' id='word_1_688' title='bbox 1035 5140 1188 5210; x_wconf 79' lang='lat' dir='ltr'>proximum</span> <span class='ocrx_word' id='word_1_689' title='bbox 1212 5141 1330 5196; x_wconf 87' lang='lat' dir='ltr'>sicutte</span> <span class='ocrx_word' id='word_1_690' title='bbox 1352 5141 1440 5210; x_wconf 88' lang='lat' dir='ltr'>ipsum</span> <span class='ocrx_word' id='word_1_691' title='bbox 1464 5141 1576 5213; x_wconf 77' lang='lat' dir='ltr'>diligere</span> <span class='ocrx_word' id='word_1_692' title='bbox 1597 5142 1777 5207; x_wconf 72' lang='lat' dir='ltr'>manifestes,</span> 
     </span>
     <span class='ocr_line' id='line_1_55' title="bbox 145 5223 1831 5304; baseline 0.003 -22"><span class='ocrx_word' id='word_1_693' title='bbox 145 5223 337 5282; x_wconf 85' lang='lat' dir='ltr'>Poeuitentiam</span> <span class='ocrx_word' id='word_1_694' title='bbox 353 5228 435 5300; x_wconf 77' lang='lat' dir='ltr'>agite.</span> <span class='ocrx_word' id='word_1_695' title='bbox 460 5227 578 5286; x_wconf 78' lang='lat' dir='ltr'>iufundit</span> <span class='ocrx_word' id='word_1_696' title='bbox 593 5229 681 5285; x_wconf 89' lang='lat' dir='ltr'>oleum</span> <span class='ocrx_word' id='word_1_697' title='bbox 695 5229 758 5284; x_wconf 90' lang='lat' dir='ltr'>dum</span> <span class='ocrx_word' id='word_1_698' title='bbox 772 5237 801 5285; x_wconf 88' lang='lat' dir='ltr'>et</span> <span class='ocrx_word' id='word_1_699' title='bbox 811 5229 934 5285; x_wconf 88' lang='lat' dir='ltr'>addidit:</span> <span class='ocrx_word' id='word_1_700' title='bbox 987 5230 1118 5301; x_wconf 90' lang='lat' dir='ltr'>quidquid</span> <span class='ocrx_word' id='word_1_701' title='bbox 1133 5229 1207 5284; x_wconf 85' lang='lat' dir='ltr'>rales</span> <span class='ocrx_word' id='word_1_702' title='bbox 1228 5230 1255 5284; x_wconf 92' lang='lat' dir='ltr'>iu</span> <span class='ocrx_word' id='word_1_703' title='bbox 1276 5231 1334 5302; x_wconf 81' lang='lat' dir='ltr'>rjus</span> <span class='ocrx_word' id='word_1_704' title='bbox 1356 5232 1399 5287; x_wconf 82' lang='lat' dir='ltr'>rel</span> <span class='ocrx_word' id='word_1_705' title='bbox 1422 5232 1557 5302; x_wconf 88' lang='lat' dir='ltr'>corporali</span> <span class='ocrx_word' id='word_1_706' title='bbox 1580 5232 1623 5288; x_wconf 83' lang='lat' dir='ltr'>vel</span> <span class='ocrx_word' id='word_1_707' title='bbox 1644 5232 1778 5304; x_wconf 63' lang='lat' dir='ltr'>spiritual</span> <span class='ocrx_word' id='word_1_708' title='bbox 1816 5232 1831 5284; x_wconf 70' lang='grc' dir='ltr'>ι’</span> 
     </span>
     <span class='ocr_line' id='line_1_56' title="bbox 145 5315 1709 5392; baseline 0.004 -20"><span class='ocrx_word' id='word_1_709' title='bbox 145 5315 381 5389; x_wconf 66' lang='lat' dir='ltr'>appropinquabit</span> <span class='ocrx_word' id='word_1_710' title='bbox 397 5319 468 5374; x_wconf 89' lang='lat' dir='ltr'>enim</span> <span class='ocrx_word' id='word_1_711' title='bbox 487 5335 599 5390; x_wconf 72' lang='lat' dir='ltr'>regnum</span> <span class='ocrx_word' id='word_1_712' title='bbox 616 5317 758 5375; x_wconf 73' lang='lat' dir='ltr'>caelorum.</span> <span class='ocrx_word' id='word_1_713' title='bbox 771 5317 889 5374; x_wconf 83' lang='lat' dir='ltr'>lrrlundit</span> <span class='ocrx_word' id='word_1_714' title='bbox 907 5327 935 5375; x_wconf 92' lang='lat' dir='ltr'>et</span> <span class='ocrx_word' id='word_1_715' title='bbox 987 5319 1149 5374; x_wconf 87' lang='lat' dir='ltr'>necessitate</span> <span class='ocrx_word' id='word_1_716' title='bbox 1162 5319 1326 5375; x_wconf 84' lang='lat' dir='ltr'>sublevanda</span> <span class='ocrx_word' id='word_1_717' title='bbox 1341 5321 1453 5378; x_wconf 80' lang='lat' dir='ltr'>devotus</span> <span class='ocrx_word' id='word_1_718' title='bbox 1466 5338 1591 5392; x_wconf 88' lang='lat' dir='ltr'>operare.</span> <span class='ocrx_word' id='word_1_719' title='bbox 1702 5317 1709 5327; x_wconf 87' lang='lat'>&#39;</span> 
     </span>
    </p>
   </div>
   <div class='ocr_carea' id='block_1_4' title="bbox 145 5405 1690 5487">
    <p class='ocr_par' dir='ltr' id='par_1_4' title="bbox 145 5405 1690 5487">
     <span class='ocr_line' id='line_1_57' title="bbox 145 5405 1690 5487; baseline 0.016 -30"><span class='ocrx_word' id='word_1_720' title='bbox 145 5405 240 5461; x_wconf 80' lang='lat' dir='ltr'>vinum</span> <span class='ocrx_word' id='word_1_721' title='bbox 257 5408 321 5464; x_wconf 90' lang='lat' dir='ltr'>dum</span> <span class='ocrx_word' id='word_1_722' title='bbox 335 5408 401 5463; x_wconf 90' lang='lat' dir='ltr'>dicit</span> <span class='ocrx_word' id='word_1_723' title='bbox 416 5422 424 5462; x_wconf 73' lang='grc' dir='ltr'>ε</span> <span class='ocrx_word' id='word_1_724' title='bbox 439 5406 534 5463; x_wconf 88' lang='lat' dir='ltr'>Omnis</span> <span class='ocrx_word' id='word_1_725' title='bbox 549 5408 639 5474; x_wconf 87' lang='lat' dir='ltr'>arbor,</span> <span class='ocrx_word' id='word_1_726' title='bbox 656 5423 716 5478; x_wconf 78' lang='lat' dir='ltr'>quae</span> <span class='ocrx_word' id='word_1_727' title='bbox 730 5423 783 5463; x_wconf 89' lang='lat' dir='ltr'>noo</span> <span class='ocrx_word' id='word_1_728' title='bbox 798 5407 863 5464; x_wconf 86' lang='lat' dir='ltr'>lacit</span> <span class='ocrx_word' id='word_1_729' title='bbox 877 5407 935 5467; x_wconf 86' lang='lat' dir='ltr'>lru·</span> <span class='ocrx_word' id='word_1_730' title='bbox 1073 5427 1285 5483; x_wconf 70' lang='lat' dir='ltr'>rlsssspotrnpn</span> <span class='ocrx_word' id='word_1_731' title='bbox 1303 5430 1349 5485; x_wconf 78' lang='lat' dir='ltr'>xv</span> <span class='ocrx_word' id='word_1_732' title='bbox 1368 5428 1456 5485; x_wconf 77' lang='lat' dir='ltr'><strong>POST</strong></span> <span class='ocrx_word' id='word_1_733' title='bbox 1473 5428 1690 5487; x_wconf 69' lang='lat' dir='ltr'>PENTEGOST.</span> 
     </span>
    </p>
   </div>
   <div class='ocr_carea' id='block_1_5' title="bbox 146 5496 1780 5662">
    <p class='ocr_par' dir='ltr' id='par_1_5' title="bbox 146 5496 1780 5662">
     <span class='ocr_line' id='line_1_58' title="bbox 146 5496 1780 5587; baseline 0.006 -18"><span class='ocrx_word' id='word_1_734' title='bbox 146 5502 219 5552; x_wconf 63' lang='lat'>‘¹⁰¹⁰</span> <span class='ocrx_word' id='word_1_735' title='bbox 233 5498 333 5552; x_wconf 66' lang='lat' dir='ltr'>bimum</span> <span class='ocrx_word' id='word_1_736' title='bbox 346 5497 487 5554; x_wconf 53' lang='lat' dir='ltr'>excidetur</span> <span class='ocrx_word' id='word_1_737' title='bbox 501 5505 529 5552; x_wconf 67' lang='lat'>⁸²</span> <span class='ocrx_word' id='word_1_738' title='bbox 542 5496 569 5551; x_wconf 62' lang='lat'>3¹¹</span> <span class='ocrx_word' id='word_1_739' title='bbox 586 5496 676 5569; x_wconf 58' lang='lat' dir='ltr'>illem</span> <span class='ocrx_word' id='word_1_740' title='bbox 691 5497 824 5553; x_wconf 56' lang='lat' dir='ltr'>minem?-</span> <span class='ocrx_word' id='word_1_741' title='bbox 987 5533 1084 5575; x_wconf 79' lang='lat' dir='ltr'>aceruo</span> <span class='ocrx_word' id='word_1_742' title='bbox 1099 5534 1236 5575; x_wconf 75' lang='lat' dir='ltr'>arescere</span> <span class='ocrx_word' id='word_1_743' title='bbox 1257 5536 1336 5575; x_wconf 81' lang='lat' dir='ltr'>oriar</span> <span class='ocrx_word' id='word_1_744' title='bbox 1355 5536 1432 5575; x_wconf 80' lang='lat' dir='ltr'>aruer</span> <span class='ocrx_word' id='word_1_745' title='bbox 1450 5536 1577 5577; x_wconf 79' lang='lat' dir='ltr'>trosroer</span> <span class='ocrx_word' id='word_1_746' title='bbox 1595 5536 1629 5577; x_wconf 88' lang='lat' dir='ltr'>an</span> <span class='ocrx_word' id='word_1_747' title='bbox 1647 5532 1780 5587; x_wconf 78' lang='lat' dir='ltr'>canaan,</span> 
     </span>
     <span class='ocr_line' id='line_1_59' title="bbox 183 5587 1434 5662; baseline -0.001 -19"><span class='ocrx_word' id='word_1_748' title='bbox 183 5589 216 5643; x_wconf 87' lang='lat' dir='ltr'>Et</span> <span class='ocrx_word' id='word_1_749' title='bbox 238 5592 373 5662; x_wconf 77' lang='lat' dir='ltr'>imponens</span> <span class='ocrx_word' id='word_1_750' title='bbox 391 5589 466 5645; x_wconf 86' lang='lat' dir='ltr'>iilam</span> <span class='ocrx_word' id='word_1_751' title='bbox 488 5589 516 5644; x_wconf 85' lang='lat' dir='ltr'>in</span> <span class='ocrx_word' id='word_1_752' title='bbox 530 5588 681 5660; x_wconf 77' lang='lat' dir='ltr'>jumentum</span> <span class='ocrx_word' id='word_1_753' title='bbox 701 5605 795 5654; x_wconf 81' lang='lat' dir='ltr'>saum,</span> <span class='ocrx_word' id='word_1_754' title='bbox 816 5596 869 5645; x_wconf 89' lang='lat' dir='ltr'>cte.</span> <span class='ocrx_word' id='word_1_755' title='bbox 887 5587 934 5645; x_wconf 81' lang='lat' dir='ltr'>Ju-</span> <span class='ocrx_word' id='word_1_756' title='bbox 1330 5606 1390 5645; x_wconf 68' lang='grc' dir='ltr'>ειν.</span> <span class='ocrx_word' id='word_1_757' title='bbox 1408 5605 1434 5643; x_wconf 89' lang='lat' dir='ltr'>r.</span> 
     </span>
    </p>
   </div>
   <div class='ocr_carea' id='block_1_6' title="bbox 149 5678 1781 5757">
    <p class='ocr_par' dir='ltr' id='par_1_6' title="bbox 149 5678 1781 5757">
     <span class='ocr_line' id='line_1_60' title="bbox 149 5678 1781 5757; baseline 0.007 -29"><span class='ocrx_word' id='word_1_758' title='bbox 149 5685 268 5736; x_wconf 83' lang='lat' dir='ltr'>mentum</span> <span class='ocrx_word' id='word_1_759' title='bbox 285 5679 344 5753; x_wconf 76' lang='lat' dir='ltr'>rjus</span> <span class='ocrx_word' id='word_1_760' title='bbox 359 5689 401 5738; x_wconf 88' lang='lat' dir='ltr'>est</span> <span class='ocrx_word' id='word_1_761' title='bbox 416 5695 500 5748; x_wconf 86' lang='lat' dir='ltr'>caro,</span> <span class='ocrx_word' id='word_1_762' title='bbox 514 5679 542 5736; x_wconf 92' lang='lat' dir='ltr'>lu</span> <span class='ocrx_word' id='word_1_763' title='bbox 556 5694 609 5750; x_wconf 92' lang='lat' dir='ltr'>qua</span> <span class='ocrx_word' id='word_1_764' title='bbox 623 5679 657 5736; x_wconf 88' lang='lat' dir='ltr'>ad</span> <span class='ocrx_word' id='word_1_765' title='bbox 671 5695 721 5737; x_wconf 91' lang='lat' dir='ltr'>nos</span> <span class='ocrx_word' id='word_1_766' title='bbox 735 5679 827 5736; x_wconf 86' lang='lat' dir='ltr'>reuire</span> <span class='ocrx_word' id='word_1_767' title='bbox 842 5680 935 5751; x_wconf 74' lang='lat' dir='ltr'>digna·</span> <span class='ocrx_word' id='word_1_768' title='bbox 1025 5699 1035 5734; x_wconf 86' lang='grc' dir='ltr'>ι</span> <span class='ocrx_word' id='word_1_769' title='bbox 1053 5680 1153 5752; x_wconf 87' lang='lat' dir='ltr'>Spiritu</span> <span class='ocrx_word' id='word_1_770' title='bbox 1168 5679 1318 5750; x_wconf 82' lang='lat' dir='ltr'>anabolatc,</span> <span class='ocrx_word' id='word_1_771' title='bbox 1334 5689 1360 5737; x_wconf 93' lang='lat' dir='ltr'>et</span> <span class='ocrx_word' id='word_1_772' title='bbox 1374 5679 1509 5742; x_wconf 80' lang='lat' dir='ltr'>desideria</span> <span class='ocrx_word' id='word_1_773' title='bbox 1522 5681 1614 5739; x_wconf 91' lang='lat' dir='ltr'>caruis</span> <span class='ocrx_word' id='word_1_774' title='bbox 1626 5697 1684 5740; x_wconf 84' lang='lat' dir='ltr'>aon</span> <span class='ocrx_word' id='word_1_775' title='bbox 1696 5678 1781 5757; x_wconf 83' lang='lat' dir='ltr'>petil·</span> 
     </span>
    </p>
   </div>
   <div class='ocr_carea' id='block_1_7' title="bbox 0 0 1926 6116">
    <p class='ocr_par' dir='ltr' id='par_1_7' title="bbox 0 0 1926 6116">
     <span class='ocr_line' id='line_1_61' title="bbox 0 0 1926 6116; baseline 0 0"><span class='ocrx_word' id='word_1_776' title='bbox 0 0 1926 6116; x_wconf 95' lang='lat' dir='ltr'> </span> 
     </span>
    </p>
   </div>
  </div>
 </body>
</html>
