3810 6120
155 271 210 328 393
577 266 833 327 COLLEC'llONES
847 267 884 323 lN
903 266 1092 324 nrtsrotas
1110 269 1150 324 El
1174 267 1380 324 evanescit.
1726 269 1778 327 obt

157 399 170 434 r
193 381 257 436 dura
283 379 431 437 bominem.
450 379 544 450 Neque
562 381 634 435 enirn
654 396 704 451 ego
723 381 757 434 ab
771 378 879 434 bomine
897 394 945 432 ac·
960 383 983 440 Α
997 378 1141 449 Evangelio
1154 379 1201 433 bei
1215 394 1276 434 esse
1287 394 1316 434 se
1331 378 1435 443 scribit,
1450 389 1478 434 et
1493 377 1624 437 ieremias
1636 391 1780 454 antequam

157 489 170 525 ι
193 472 252 541 cepi
272 470 354 536 illud,
378 485 467 540 neque
490 471 587 535 didici,
612 471 660 525 sed
684 485 734 539 per
756 468 945 523 revelationem
996 469 1159 523 formaretur
1180 469 1207 523 ιιι
1235 477 1323 533 ιιιειε,
1352 478 1432 525 ιιοιιιε
1454 470 1523 535 lieo,
1547 472 1783 543 sanctificatusque

157 580 170 615 r
192 559 256 618 lesu
268 560 381 616 Christi.
393 560 514 616 Audistis
526 560 597 614 enim
612 559 844 614 conversationem
859 573 946 612 meam
995 560 1152 628 perhibetur
1165 558 1232 631 (ιον.
1244 560 1275 630 ι).
1289 559 1352 615 Sive
1364 570 1470 615 uterum
1485 561 1580 616 matris
1593 560 1679 633 legem
1692 562 1783 619 dicere

157 667 170 703 ι
193 648 339 718 aliquando
360 648 387 702 in
403 644 555 711 ludaismo,
578 646 642 717 qnia
664 646 871 715 supramodum
884 659 947 714 per-
996 662 1149 716 possumus,
1168 664 1228 718 quar
1247 648 1356 704 Christo
1374 650 1483 716 gravida
1504 658 1571 705 erat
1593 651 1710 720 Acujus
1723 669 1785 709 ear-

158 757 169 791 r
195 738 331 806 sequebar
352 734 498 813 Ecclesiam
521 734 581 799 Dei,
605 743 633 789 et
656 734 840 805 expugnabam
862 732 945 797 illam,
996 736 1050 791 nali
1076 738 1248 793 observantia
1277 749 1431 809 separatum
1456 755 1485 794 se
1509 741 1576 796 dieit
1597 757 1646 810 per
1668 745 1783 815 gratiam

158 849 169 883 ι
193 839 222 888 ει
237 829 414 902 proficiebam
433 829 463 883 in
478 825 617 882 ludaismo
634 841 714 895 supra
733 825 833 879 multos
848 833 947 880 coaeta-
996 826 1107 882 Christi.
1124 826 1182 883 Non
1197 835 1238 883 est
1252 837 1341 884 antem
1363 830 1454 899 lprarn
1466 831 1685 889 revelaratl'ilrirm
1706 853 1782 891 ruam

157 939 169 972 ι
193 936 261 977 neos
279 935 365 984 meos,
380 919 408 973 in
422 931 520 990 genere
534 932 595 971 meo
610 914 791 985 abundantius
808 916 948 970 ernularor
996 919 1025 973 in
1041 936 1091 984 rne,
1112 937 1144 976 ac
1163 921 1185 977 si
1206 922 1307 978 diceret
1323 943 1329 977 ι
1345 924 1487 980 Revelaret
1507 927 1571 983 mihi
1582 927 1677 984 Filium
1692 946 1781 986 suum.

160 1031 170 1065 r
193 1012 315 1067 existens
337 1017 514 1079 paternarum
532 1022 654 1061 mearum
677 1005 860 1060 traditionum.
881 1005 947 1060 Cum
996 1009 1045 1063 Cui
1063 1010 1135 1065 enim
1149 1012 1213 1081 quid
1230 1012 1375 1079 revelatur,
1390 1016 1452 1070 baie
1466 1015 1532 1072 illud
1558 1027 1648 1089 potest
1669 1020 1782 1076 revelari

158 1125 170 1158 ι
193 1114 286 1161 autem
308 1102 412 1174 placuit
440 1102 465 1156 ei
493 1101 539 1171 qui
560 1114 604 1154 me
632 1099 783 1170 segregavit
808 1099 843 1152 ah
864 1098 948 1152 ubero
997 1101 1070 1169 qnod
1087 1109 1150 1157 anto
1167 1103 1195 1157 in
1214 1119 1247 1158 eo
1267 1120 1319 1159 non
1339 1114 1407 1159 erat.
1431 1106 1460 1160 ln
1480 1122 1534 1176 quo
1552 1123 1616 1164 aero
1637 1111 1782 1169 revelatur,

159 1214 170 1247 r
194 1196 291 1251 matris
315 1208 400 1257 meae,
424 1200 453 1247 et
475 1190 582 1246 vocavit
603 1205 653 1260 per
676 1189 791 1261 gratiam
812 1204 900 1253 suam,
919 1197 950 1242 ut
998 1186 1063 1243 illud
1088 1190 1233 1255 revelator,
1259 1193 1331 1262 quod
1353 1195 1429 1263 prius
1454 1195 1504 1251 lnit
1527 1197 1553 1251 in
1576 1213 1618 1261 eo,
1643 1208 1670 1253 ct
1692 1209 1784 1268 postea

158 1303 170 1337 ι
193 1283 327 1340 revelaret
341 1281 436 1336 Filium
460 1295 540 1337 sunm
570 1281 598 1334 ιιι
624 1295 678 1344 ιιιε,
704 1288 734 1333 ιιι
758 1279 947 1334 annuntiarem
998 1280 1147 1336 revelatum
1160 1289 1212 1337 est.
1229 1280 1323 1338 Simile
1335 1293 1376 1339 est
1390 1284 1454 1340 illud
1469 1287 1495 1339 in
1509 1287 1668 1356 Evangelio:
1681 1287 1785 1342 lledirrr

158 1395 170 1427 ι
193 1376 271 1431 ιιιιιιιι
289 1375 363 1429 inter
384 1382 487 1444 gentes,
508 1373 636 1428 continuo
655 1388 708 1426 non
731 1372 852 1440 acquievi
873 1372 948 1427 carni
997 1379 1132 1441 statquem
1148 1389 1192 1427 eor
1209 1374 1322 1427 nescitis.
1343 1373 1378 1427 Et
1391 1372 1453 1427 alibi
1471 1373 1558 1427 :Erat
1576 1377 1622 1428 lux
1636 1392 1710 1439 cera,
1727 1395 1785 1447 qnae

159 1485 169 1519 r
192 1474 223 1522 ει
243 1464 378 1536 sanguini,
402 1463 562 1533 aequarem
579 1461 792 1531 ilierosolyrnam
816 1462 849 1516 ad
874 1468 949 1515 ante-
998 1458 1129 1513 illuminat
1157 1478 1258 1514 onrnern
1281 1463 1412 1515 inominata
1438 1462 1579 1516 uenientem
1599 1463 1626 1516 in
1648 1465 1784 1517 mundum.

158 1573 318 1615 «cessores
342 1571 417 1611 meos
439 1553 587 1625 apostolos,
617 1554 664 1609 sed
687 1554 741 1608 abii
764 1553 791 1607 in
808 1551 948 1615 Arabiam,
998 1548 1038 1603 Ex
1057 1564 1111 1618 quo
1128 1551 1299 1620 perspicuum
1319 1550 1349 1603 ιιι
1368 1558 1465 1604 natura
1483 1550 1608 1604 omnihus
1629 1550 1678 1605 liei
1699 1551 1787 1605 inesse

159 1666 170 1700 ι
193 1655 221 1703 ει
240 1647 340 1702 iternrn
358 1660 483 1700 reversus
506 1659 565 1698 sum
581 1643 754 1707 Damascum,
778 1641 874 1696 deinde
886 1641 947 1696 reni
998 1641 1133 1694 notitiam.
1144 1640 1200 1695 Nec
1213 1656 1374 1711 quemquam
1390 1641 1448 1694 sine
1461 1639 1570 1695 Christo
1587 1641 1673 1705 nasei,
1691 1649 1718 1695 et
1732 1655 1785 1695 non

159 1756 170 1790 ι
193 1737 408 1808 Hierosolymam
421 1736 514 1789 ridere
526 1732 647 1796 Petrum,
655 1740 683 1787 et
700 1732 787 1786 mansi
806 1731 875 1800 apud
886 1745 947 1784 eum
962 1717 985 1774 Β
998 1729 1098 1784 babere
1110 1729 1232 1799 germina
1249 1730 1275 1783 in
1292 1744 1321 1784 se
1336 1729 1474 1798 sapientire
1491 1737 1519 1783 et
1532 1728 1656 1797 justitia,
1671 1729 1787 1799 reliqua-

159 1847 169 1880 ε
193 1827 291 1883 ιιιειιιιε
305 1824 470 1895 quindecim,
484 1822 567 1876 aliurn
587 1829 676 1876 antem
692 1820 874 1890 apostolomm
893 1819 947 1872 virli
999 1836 1112 1891 rumque
1126 1821 1267 1875 virtutum.

159 1935 170 1969 ι
193 1915 347 1978 neminem,
374 1912 426 1967 nisi
447 1908 577 1966 iacobum
603 1908 715 1963 fratrem
740 1908 861 1973 Domini,
889 1922 948 1976 qum
1033 1911 1110 1968 Unde
1127 1911 1204 1966 multi
1220 1912 1321 1981 absque
1336 1911 1388 1965 nne
1409 1920 1437 1965 et
1461 1911 1606 1982 Evangelio
1620 1911 1730 1977 Christi,
1746 1910 1787 1968 rel

160 2017 285 2063 «annm
310 2006 409 2070 scribo,
433 2018 496 2059 ecee
519 2017 612 2058 eoram
639 2000 704 2063 Deo,
723 1999 785 2081 quia
803 2014 856 2053 non
874 2013 949 2052 men·
997 2001 1133 2071 sapienter
1155 1998 1256 2054 iaciant
1270 2001 1369 2070 aliqua,
1385 2000 1427 2054 vel
1451 2009 1552 2065 sancte,
1576 2008 1606 2054 nt
1627 2002 1786 2069 parentibus
1874 2036 1878 2043 -

160 2118 170 2151 r
194 2098 256 2156 tior.
281 2115 292 2148 ι
997 2094 1191 2162 obsequantur,
1205 2101 1232 2146 ει
1246 2100 1276 2146 ut
1297 2092 1370 2161 inopi
1392 2107 1500 2146 manum
1511 2092 1660 2162 porrigant,
1675 2107 1728 2146 non
1740 2107 1788 2161 op·

193 2181 295 2240 Natam
325 2184 394 2238 rabir
418 2183 486 2252 sacia
510 2180 697 2250 Evangelinm,
721 2178 790 2249 qttod
820 2174 948 2246 eluendi·
997 2185 1116 2254 primant
1131 2185 1244 2247 vicinos,
1260 2200 1313 2240 non
1332 2185 1417 2239 aliena
1432 2184 1547 2253 rapiant.
1564 2183 1657 2239 Potest
1668 2193 1695 2239 et
1710 2184 1789 2239 aliter

158 2284 297 2331 mamert
311 2275 525 2344 anormalam
540 2282 638 2325 norea
652 2267 946 2324 recanaamnomrrem.
998 2274 1084 2344 recipi
1110 2275 1138 2328 in
1161 2274 1263 2328 Perna:
1278 2275 1327 2328 bei
1350 2273 1421 2331 abas
1436 2273 1585 2335 revelatur,
1601 2275 1672 2344 quoa
1690 2276 1787 2344 praui-

160 2368 251 2441 anue
265 2384 313 2438 eqo
328 2366 361 2420 ab
378 2366 480 2419 bomine
501 2365 588 2436 accepi
602 2363 681 2428 illud,
698 2378 779 2432 neque
795 2360 888 2424 didici,
902 2359 948 2413 red
998 2371 1077 2417 cante
1087 2363 1257 2434 illo,agnitus
1268 2363 1608 2434 sitgentibas,qaemante
1619 2365 1785 2419 nesciebant.

157 2479 204 2534 per
213 2460 395 2516 revelationem
405 2459 470 2513 dean
485 2457 594 2512 Christi.
617 2458 734 2514 Verbum
752 2459 838 2528 ipsum
851 2459 949 2514 ἀποκα-
1033 2452 1163 2507 Continuo
1183 2471 1235 2509 non
1248 2455 1363 2525 acquievi
1378 2455 1451 2508 carni
1464 2462 1488 2506 et
1508 2454 1640 2521 sangnini.
1667 2453 1740 2517 Sive,
1759 2465 1789 2509 ut

158 2551 270 2624 ιιψως,
294 2550 321 2604 ιιι
341 2558 397 2614 εει,
417 2548 601 2609 revelationis,
627 2547 949 2617 proprieSeripturarnm
998 2543 1026 2597 in
1050 2542 1143 2598 Graeco
1166 2543 1263 2599 melius
1289 2543 1414 2608 babetur,
1438 2544 1467 2598 οὐ
1491 2545 1684 2616 προσανεθέμην
1710 2549 1789 2620 σαρκὶ

159 2649 210 2704 cst,
225 2649 281 2694 eta
296 2638 368 2692 nullo
382 2638 542 2708 sapientium
558 2637 649 2692 saecoli
664 2637 734 2707 apud
747 2635 856 2691 Graecos
871 2653 950 2692 usur·
998 2639 1039 2689 και
1051 2636 1150 2706 αἵματι.
1167 2633 1226 2688 Non
1241 2634 1355 2688 contulit
1369 2633 1450 2702 plane
1464 2631 1564 2688 Paulus
1575 2643 1637 2702 post
1652 2635 1790 2688 revelatio-

160 2738 263 2798 patnm,
287 2729 339 2783 hoc
360 2735 412 2792 εει,
437 2726 626 2782 revelationem
652 2725 724 2781 illam
747 2727 846 2798 signat,
867 2742 949 2796 quam
998 2743 1061 2783 nem
1085 2726 1186 2781 Christi
1212 2743 1274 2782 cum
1298 2742 1380 2780 carne
1406 2735 1433 2780 et
1457 2726 1599 2794 sangnine,
1618 2728 1680 2794 qnia
1706 2727 1790 2780 noluit

160 2820 226 2876 nait
240 2835 302 2875 enm
315 2818 475 2874 Damascum
493 2818 595 2892 vadens
619 2817 646 2872 in
669 2817 767 2872 itinere
780 2817 882 2872 Christi
904 2835 950 2874 vo-
999 2819 1160 2888 margaritas
1176 2817 1309 2887 projicere
1324 2826 1387 2870 ante
1401 2830 1508 2884 porcos,
1520 2830 1571 2869 nee
1587 2815 1652 2868 dare
1666 2824 1789 2870 sanetum

161 2923 216 2964 cem
232 2908 334 2963 meruit
348 2909 451 2974 andire,
467 2916 496 2964 ει
509 2908 617 2964 careatis
630 2907 724 2970 oculis,
741 2923 834 2962 veram
859 2908 949 2964 lamen
999 2908 1120 2965 canibus.
1145 2910 1212 2965 Vide
1234 2909 1298 2978 qnid
1321 2909 1353 2962 de
1374 2907 1562 2977 peccatoribus
1575 2906 1705 2975 scriptum
1727 2906 1782 2960 sit:

161 2999 251 3054 mundi
271 2998 386 3053 intuitus
401 3008 453 3053 εει.
478 2997 506 3053 Si
524 3000 595 3054 enim
609 2995 785 3068 Evangelinm
799 2995 874 3053 Pauli
894 3015 948 3054 non
1002 2999 1064 3054 Non
1073 2999 1233 3070 permanehit
1243 2999 1349 3069 spiritur
1358 3015 1430 3052 mens
1446 2998 1472 3050 in
1487 2989 1633 3051 hominihus
1646 2997 1714 3060 istit,
1727 2997 1789 3067 quia

160 3096 199 3144 est
218 3088 369 3144 seeundum
380 3087 528 3153 bominem,
545 3105 633 3159 neque
657 3090 691 3144 ab
713 3089 821 3145 homine
843 3092 948 3161 aceepit
962 3058 985 3120 C
1000 3106 1062 3144 caro
1079 3099 1139 3144 rant
1156 3087 1232 3161 (Gen.
1248 3088 1298 3162 rr).
1324 3089 1392 3143 Cum
1410 3088 1518 3151 talibus,
1541 3087 1587 3158 qui
1605 3102 1669 3144 caro
1682 3095 1710 3142 et
1724 3103 1789 3143 san·

159 3178 221 3235 illud
247 3188 296 3234 ant
307 3181 409 3245 didicit,
426 3182 472 3238 sed
486 3197 535 3252 per
550 3182 740 3237 revelationem
755 3181 819 3238 lesu
836 3182 947 3248 Christi,
998 3188 1059 3259 gnis
1070 3195 1160 3252 erant,
1175 3203 1229 3242 non
1243 3185 1511 3255 contulithpostolns
1524 3184 1708 3255 Evangelinm,
1720 3184 1791 3255 qnod

157 3284 211 3326 aaa
242 3278 286 3325 est
312 3271 406 3341 utique‘
432 3271 512 3326 bomo
538 3271 616 3327 lesus
645 3273 779 3340 Christus,
797 3275 843 3344 qui
865 3274 949 3331 Paulo
999 3280 1025 3334 ei
1048 3279 1137 3335 iuerat
1155 3280 1312 3345 revelatum,
1328 3280 1376 3335 sed
1398 3279 1527 3348 paulatim
1551 3293 1598 3333 eos
1620 3278 1792 3334 decarneet

152 3356 338 3432 Evangrdium
357 3363 495 3426 revelarit,
518 3364 626 3433 quodsi
647 3373 757 3420 nonest
775 3366 866 3432 homo,
885 3381 949 3421 con·
1000 3372 1131 3442 sanguine
1144 3371 1227 3425 vertit
1241 3371 1268 3424 in
1290 3370 1425 3442 spiritum,
1442 3378 1470 3423 ει
1490 3378 1554 3424 tunc
1566 3368 1674 3422 demum
1687 3369 1727 3423 eis
1747 3384 1793 3425 oc·

150 3461 307 3526 requenter
318 3455 388 3510 Deus
400 3463 450 3510 est.
465 3456 522 3510 Non
536 3457 608 3527 qnod
620 3458 756 3511 hominem
770 3465 948 3526 assumptum,
1000 3460 1073 3515 culta
1085 3459 1221 3532 Evangelii
1236 3469 1405 3514 sacramenta
1419 3459 1564 3513 commisit.

142 3545 202 3602 scd
230 3560 288 3615 quo
307 3552 410 3599 tantum
431 3547 567 3601 bominem
599 3562 754 3601 renuamus.
781 3546 854 3602 luter
878 3549 951 3602 aeri·
1039 3552 1129 3623 Neque
1144 3552 1201 3606 reni
1216 3551 1502 3620 Hierosolymametc.
1517 3550 1586 3618 Quid
1601 3551 1667 3605 milri
1682 3550 1794 3621 prodest

142 3646 222 3704 pere
247 3642 338 3690 autem
362 3644 390 3689 ει
410 3635 513 3690 discere
537 3637 589 3690 boc
610 3636 733 3700 interest,
758 3639 829 3706 quod
852 3639 951 3708 accipit
1001 3643 1054 3699 ista
1075 3642 1179 3713 religio,
1199 3642 1221 3696 si
1245 3640 1343 3712 legam,
1360 3640 1432 3711 quod
1448 3640 1547 3696 Paulus
1567 3650 1628 3712 post
1652 3641 1793 3696 revelatio-

135 3737 205 3794 Μ
221 3726 318 3790 tillim,
334 3727 379 3795 (1¹¹5
395 3727 512 3813 plinium
528 3727 691 3792 insinuatur,
710 3737 740 3781 ¹¹1
752 3729 785 3781 td
799 3726 879 3782 fidem
893 3728 951 3797 ejus
1000 3749 1061 3790 nem
1074 3732 1176 3789 Christi
1191 3732 1282 3788 statim
1293 3732 1356 3788 ierit
1366 3731 1538 3797 inhrabiam,
1549 3731 1619 3787 etde
1629 3733 1728 3787 Arabia
1741 3733 1793 3786 lla-

136 3817 323 3882 fflufflffll'r
344 3824 373 3870 ¹¹¹
391 3817 484 3872 “⁰⁶³²
505 3832 568 3872 leil
592 3830 652 3872 ⁰⁵⁵0
675 3833 735 3887 ‘ltlae
754 3821 854 3889 sellim
878 3828 949 3885 sunl,
1000 3840 1122 3881 mascam
1134 3823 1216 3881 luerit
1228 3840 1366 3889 reversus,
1380 3839 1430 3879 nec
1441 3825 1524 3879 sciam
1536 3824 1600 3894 quid
1612 3824 1648 3878 ibi
1662 3824 1794 3892 gesserit?

133 3908 245 3967 discit
261 3916 351 3964 autent
370 3908 404 3974 is,
419 3909 465 3978 qui
484 3924 516 3962 ca
535 3925 594 3979 qum
610 3925 658 3979 per
671 3911 813 3981 enigmata
832 3920 860 3967 et
872 3930 951 3984 para·
1001 3915 1095 3972 Exitus
1107 3932 1139 3972 ac
1153 3916 1256 3971 reditus
1268 3916 1314 3969 dat
1328 3914 1394 3969 mihi
1415 3915 1584 3970 occasionem
1599 3913 1703 3968 altioris
1716 3912 1794 3966 intel·

129 3995 240 4058 botas
257 3999 371 4072 figurata
390 4008 462 4066 sunt,
477 4003 618 4070 explanata
641 4011 668 4056 et
686 4013 779 4073 aperta
801 4007 950 4079 cognoscit,
1002 4009 1127 4081 ligentiac.
1143 4008 1243 4063 Arabia
1263 4022 1323 4077 quae
1344 4006 1538 4075 interpretatur
1559 4004 1669 4058 humilis
1682 4011 1710 4057 et
1722 4003 1794 4057 occi-

129 4101 188 4147 ει
205 4106 263 4147 non
279 4091 389 4146 homine
407 4091 553 4157 reuelante,
575 4094 621 4148 sed
635 4093 743 4150 Christo
760 4096 805 4165 qui
824 4096 952 4152 revelarit
1002 4101 1066 4164 dna,
1080 4108 1157 4155 vetus
1170 4097 1524 4168 significattestamentum.
1543 4093 1640 4149 Statim
1661 4095 1753 4163 itaque
1764 4104 1794 4149 ut

131 4178 258 4238 ‘²⁰¹⁰-
1002 4191 1116 4246 ercdidit
1126 4190 1236 4255 Paulus,
1256 4189 1290 4242 ad
1303 4188 1402 4258 legem,
1418 4186 1452 4240 ad
1465 4185 1620 4255 prophetas,
1635 4184 1669 4237 ad
1687 4183 1793 4238 Veteris

198 4273 318 4329 Audistis
332 4274 400 4327 enirn
419 4276 639 4329 concertationem
660 4293 744 4330 urrant
763 4276 905 4350 aliqnando
925 4280 952 4333 in
1003 4279 1169 4335 Testamenti
1187 4277 1243 4346 jam
1262 4277 1289 4330 in
1311 4276 1423 4330 occiduo
1443 4273 1524 4342 positi
1548 4280 1716 4327 sacramenta
1730 4287 1795 4328 con-

128 4363 317 4431 Jralairrno,
332 4366 395 4437 qnia
408 4383 488 4437 repra
503 4366 610 4420 modam
625 4368 795 4439 persequebar
809 4370 952 4424 Ecclesiam
965 4403 992 4462 D
1004 4385 1111 4433 rersns,
1121 4369 1246 4437 quaesirit
1261 4367 1288 4420 in
1298 4367 1340 4421 cis
1352 4365 1501 4427 Christum,
1512 4376 1592 4432 quem
1604 4362 1697 4430 iussus
1709 4358 1796 4418 lue'rat

135 4450 264 4519 Debet
277 4453 469 4525 repugnabam,
483 4462 535 4511 etc.
562 4454 646 4522 eram
671 4456 779 4528 elegans
800 4459 954 4516 observatio
1005 4459 1170 4532 ingentibus
1185 4458 1343 4528 predicare,
1368 4465 1397 4511 et
1421 4463 1529 4524 reperto
1544 4454 1600 4520 illo,
1624 4470 1678 4509 non
1698 4464 1741 4510 est
1758 4454 1795 4510 ihi

134 4544 326 4614 pondusque
340 4543 482 4598 verborum
496 4561 502 4596 :
515 4543 644 4610 Audistis,
658 4547 756 4617 inquit,
772 4551 953 4607 conversatio·
1005 4549 1106 4603 diutius
1127 4555 1322 4610 commoratus,
1345 4546 1392 4600 sed
1416 4559 1540 4599 reversas
1561 4553 1603 4598 est
1624 4546 1795 4606 Damascum,

141 4647 231 4689 ιιειιι
247 4650 300 4690 non
319 4643 425 4706 gratam
443 4633 587 4705 aliqnando
604 4653 657 4691 non
672 4639 752 4693 modo
766 4640 792 4694 in
805 4638 953 4705 ludaismo,
1006 4639 1058 4694 hoc
1076 4647 1116 4694 est
1138 4638 1171 4691 ad
1188 4638 1344 4706 sangninem
1359 4644 1387 4690 ει
1406 4636 1440 4692 ad
1455 4636 1609 4706 passionem
1633 4635 1744 4699 Christi,
1767 4647 1796 4691 ει

145 4738 226 4778 non
245 4726 272 4781 ιιι
284 4725 344 4795 lege
364 4726 424 4791 bei,
438 4742 519 4796 supra
535 4728 642 4782 modum
663 4733 845 4800 persequebar
863 4732 956 4788 Eccle-
1007 4731 1068 4787 inde
1080 4730 1235 4801 prophetica
1259 4729 1375 4784 lectione
1399 4728 1522 4782 firmatus
1537 4727 1625 4796 pergit
1639 4726 1795 4798 Hierosoly-

152 4813 238 4870 ziam
254 4817 313 4881 bei,
330 4832 383 4871 non
407 4825 437 4871 ut
464 4818 564 4872 caeteri.
591 4818 659 4873 llinc
681 4835 788 4892 qnoque
812 4823 956 4879 admiratio
1007 4823 1191 4885 mam,loeum
1207 4821 1318 4875 visionis
1341 4829 1368 4873 et
1390 4802 1551 4890 pacis,'non
1577 4826 1631 4872 tarn
1652 4819 1798 4874 disciturus

158 4907 301 4972 rnatum,
317 4908 389 4978 quod
409 4923 462 4963 nou
483 4909 667 4979 unusquisque
681 4911 714 4964 de
735 4912 777 4966 his
796 4913 842 4981 qui
862 4912 957 4967 leviter
1009 4911 1110 4982 aliquid
1135 4911 1168 4964 de
1196 4910 1336 4979 apostolis,
1360 4923 1441 4978 quam
1465 4921 1527 4961 cum
1550 4907 1590 4960 eis
1612 4906 1795 4977 Evangelinm,

161 4997 402 5067 persequebantur
416 4995 564 5050 Ecclesiam
579 4997 636 5061 liei,
650 4999 697 5052 scd
716 4998 761 5052 ille
771 5002 819 5070 ‘qni
845 5010 958 5057 ειειειοε
1009 5002 1080 5071 quod
1094 5001 1234 5064 docuerat,
1249 4999 1406 5054 collaturus.

164 5075 205 5127 5⁰
221 5087 410 5153 persecutione
430 5087 572 5151 vincebat,
588 5103 735 5144 conversus
750 5093 783 5145 ad
805 5092 885 5147 sidem
907 5093 957 5155 sit,
1045 5091 1219 5160 deindepost
1238 5090 1379 5144 triennium
1402 5090 1457 5143 aera
1482 5088 1691 5161 Hierosolymam
1713 5091 1798 5147 atam

165 5163 321 5266 Ecclesiam
330 5179 422 5233 dicens
431 5178 489 5244 Dei,
499 5178 540 5231 rel
552 5179 637 5248 ipsum
651 5180 787 5236 Christum
800 5180 884 5236 Deam
898 5198 959 5238 esse
1012 5182 1129 5236 Petrum.
1145 5182 1203 5236 Non
1225 5191 1255 5235 ut
1267 5180 1372 5245 oculos,
1386 5194 1470 5248 genas
1484 5180 1641 5250 vultumque
1655 5181 1715 5251 ejus
1729 5180 1799 5250 aspi-

163 5265 366 5332 ‘minoraret
381 5267 501 5337 ejusdcm
514 5268 560 5322 Dei
574 5285 632 5323 esse
644 5270 802 5335 Ecclesiam,
816 5272 860 5339 qui
874 5287 959 5340 quon·
1012 5281 1094 5336 ecret,
1120 5280 1208 5325 atrum
1232 5270 1392 5326 macilentus
1414 5286 1448 5324 an
1467 5271 1585 5341 pinguis,
1606 5271 1711 5327 adunco
1732 5284 1798 5325 naso

163 5337 231 5408 dim
246 5358 315 5429 legis
328 5359 407 5415 dator
420 5357 479 5412 luit.
767 5412 773 5420 ,
1012 5369 1084 5415 εεεει
1095 5376 1129 5413 an
1145 5367 1228 5423 recto,
1244 5370 1272 5414 et
1286 5368 1377 5413 utrum
1393 5358 1509 5414 frontem
1525 5361 1637 5414 vestiret
1656 5372 1743 5421 coma,
1762 5371 1797 5409 an

202 5436 273 5500 Cum
294 5457 380 5502 aurem
397 5446 496 5519 piamen
512 5447 546 5513 et,
563 5449 608 5518 qut
623 5465 663 5502 me
680 5452 821 5520 segregante
839 5452 870 5505 ab
885 5462 958 5508 prem
1012 5450 1054 5519 (nt
1066 5448 1189 5503 Clemens
1202 5448 1229 5502 in
1243 5450 1361 5517 periodis
1379 5450 1439 5520 ejus
1452 5449 1544 5519 refert)
1562 5449 1693 5504 calvitiem
1713 5447 1797 5500 habe-

160 5525 264 5590 'Wrr'r
283 5553 355 5600 mea,
372 5550 396 5592 er
411 5539 509 5593 roravit
523 5554 579 5608 per,
598 5547 650 5592 etr.
675 5538 733 5594 Non
755 5540 840 5594 solum
862 5543 888 5596 ιιι
908 5544 958 5598 boc
1012 5549 1054 5594 ret
1066 5541 1092 5593 in
1107 5541 1204 5608 eapite,
1229 5554 1280 5594 nec
1296 5547 1360 5609 puto
1374 5542 1530 5609 apostolice
1548 5539 1631 5594 luisse
1645 5537 1797 5608 gravitatis,

213 5636 244 5692 0,
271 5626 318 5679 scal
344 5633 371 5681 et
397 5628 431 5682 ad
453 5626 590 5682 Romanos
614 5627 711 5683 Patrius
734 5637 904 5698 segregatum
932 5635 957 5686 in
1013 5646 1038 5689 ut
1063 5645 1121 5704 post
1140 5643 1242 5688 tautam
1263 5635 1371 5688 triennii
1393 5634 1615 5704 preparationem
1636 5629 1798 5700 aliquidlru-

315 5724 450 5784 Parnon.
473 5722 551 5787 etl.
1563 5724 1599 5782 ta
